@book{ahlforsComplexAnalysis1979,
  author = {Ahlfors, Lars V.},
  title = {Complex Analysis},
  year = {1979},
  edition = {3rd},
  publisher = {McGraw–Hill},
}

@article{cauchy1825,
  author = {Cauchy, Augustin-Louis},
  title = {Sur les intégrales définies et indéfinies},
  journal = {Oeuvres complètes},
  year = {1825}
}

@article{helmholtz1858,
  author = {Helmholtz, Hermann von},
  title = {Über Integrale der hydrodynamischen Gleichungen, welche den Wirbelbewegungen entsprechen},
  journal = {Journal für die reine und angewandte Mathematik},
  year = {1858}
}

@article{kelvin1869,
  author = {Thomson, William (Lord Kelvin)},
  title = {On vortex motion},
  journal = {Transactions of the Royal Society of Edinburgh},
  year = {1869}
}

@article{onsager1949,
  author = {Onsager, Lars},
  title = {Statistical Hydrodynamics},
  journal = {Nuovo Cimento},
  year = {1949},
  doi = {10.1007/BF02780991}
}

@article{feynman1955,
  author = {Feynman, Richard P.},
  title = {Application of Quantum Mechanics to Liquid Helium},
  journal = {Progress in Low Temperature Physics},
  volume = {1},
  year = {1955},
  publisher = {North-Holland}
}

@article{london1930,
  author = {London, Fritz},
  title = {Zur Theorie und Systematik der Molekularkräfte},
  journal = {Zeitschrift für Physik},
  volume = {63},
  year = {1930},
  pages = {245–279},
  doi = {10.1007/BF01421741}
}

@article{casimirpolder1948,
  author = {Casimir, H. B. G. and Polder, Dirk},
  title = {The Influence of Retardation on the London–van der Waals Forces},
  journal = {Physical Review},
  volume = {73},
  number = {4},
  pages = {360–372},
  year = {1948},
  doi = {10.1103/PhysRev.73.360}
}
