%========================================================================================
%   BIBLIOGRAPHY DATA (CLEANED)
%========================================================================================

@article{Kelvin1867,
    author  = {Thomson, William (Lord Kelvin)},
    title   = {On Vortex Atoms},
    journal = {Philosophical Magazine},
    volume  = {34},
    pages   = {15--24},
    year    = {1867}
}
@article{Nielsen1973,
    author  = {Nielsen, H. B. and Olesen, P.},
    title   = {Vortex-line models for dual strings},
    journal = {Nuclear Physics B},
    volume  = {61},
    pages   = {45--61},
    year    = {1973}
}
@article{Faddeev1997,
    author  = {Faddeev, L. D. and Niemi, A. J.},
    title   = {Stable knot-like structures in classical field theory},
    journal = {Nature},
    volume  = {387},
    pages   = {58--61},
    year    = {1997}
}
@book{Arnold1998,
    author    = {Arnold, V. I. and Khesin, B. A.},
    title     = {Topological Methods in Hydrodynamics},
    publisher = {Springer},
    year      = {1998},
    series    = {Applied Mathematical Sciences},
    volume    = {125}
}
@article{Moffatt1969,
    author  = {Moffatt, H. K.},
    title   = {The degree of knottedness of tangled vortex lines},
    journal = {Journal of Fluid Mechanics},
    volume  = {35},
    number  = {1},
    pages   = {117--129},
    year    = {1969}
}
@book{Volovik2003,
    author    = {Volovik, G. E.},
    title     = {The Universe in a Helium Droplet},
    publisher = {Clarendon Press},
    year      = {2003},
    series    = {International Series of Monographs on Physics}
}
@article{Kleckner2013,
    author  = {Kleckner, Dustin and Irvine, William T. M.},
    title   = {Creation and dynamics of knotted vortices},
    journal = {Nature Physics},
    volume  = {9},
    pages   = {253--258},
    year    = {2013}
}
@article{Madelung1927,
    author  = {Madelung, E.},
    title   = {Quantentheorie in hydrodynamischer Form},
    journal = {Zeitschrift f{"u}r Physik},
    volume  = {40},
    pages   = {322--326},
    year    = {1927}
}
@article{BilsonThompson2007,
    author  = {Bilson-Thompson, Sundance O.},
    title   = {A topological model of composite preons},
    journal = {Foundations of Physics},
    volume  = {37},
    number  = {1},
    pages   = {69--89},
    year    = {2007}
}
@article{Barcelo2011,
    author  = {Barcel{\'o}, Carlos and Liberati, Stefano and Visser, Matt},
    title   = {Analogue Gravity},
    journal = {Living Reviews in Relativity},
    volume  = {14},
    number  = {3},
    year    = {2011}
}
@article{Podkletnov1992,
    author  = {Podkletnov, Eugene and Nieminen, R.},
    title   = {A possibility of gravitational force shielding by bulk YBa2Cu3O7−x superconductor},
    journal = {Physica C: Superconductivity},
    volume  = {203},
    pages   = {441--444},
    year    = {1992}
}
@article{Tajmar2006,
    author  = {Tajmar, M. and Plesescu, F. and Seifert, B. and Marhold, K.},
    title   = {Experimental Detection of the Gravitomagnetic London Moment},
    journal = {AIP Conference Proceedings},
    volume  = {880},
    number  = {1},
    pages   = {1071--1082},
    year    = {2006}
}
@article{cahill2005,
    author  = {Cahill, Reginald T.},
    title   = {Dynamical 3-Space: A Review},
    journal = {Progress in Physics},
    volume  = {3},
    pages   = {27--34},
    year    = {2005}
}
@book{Kauffman1991,
    author    = {Kauffman, Louis H.},
    title     = {Knots and Physics},
    publisher = {World Scientific},
    year      = {1991}
}
@book{Stasiak2009,
    editor    = {Stasiak, Andrzej and Katritch, Vasily and Kauffman, Louis H.},
    title     = {Ideal Knots},
    publisher = {World Scientific},
    year      = {2009}
}
@article{Moffatt1990,
    author  = {Moffatt, H. K.},
    title   = {The energy spectrum of knots and links},
    journal = {Nature},
    volume  = {347},
    pages   = {367--369},
    year    = {1990}
}
@book{NISTDLMF,
    author    = {{NIST Digital Library of Mathematical Functions}},
    title     = {NIST Digital Library of Mathematical Functions},
    publisher = {Release 1.1.9 of 2023-03-15},
    year      = {2023},
    note      = {\url{https://dlmf.nist.gov/}}
}

 @article{orlandi1993vortex,
   title={Swirl rings impinging on walls: axisymmetric and three-dimensional simulations},
   author={Orlandi, Paolo and Verzicco, Roberto},
   journal={Journal of Fluid Mechanics},
   volume={256},
   pages={615--646},
   year={1993},
   publisher={Cambridge University Press},
   doi={10.1017/S0022112093002886}
 }



 @article{Babaev2002,
     author  = {Babaev, E.},
     title   = {Knotted solitons in triplet superconductors},
     journal = {Physical Review Letters},
     volume  = {88},
     pages   = {177002},
     year    = {2002}
 }

 @article{Radu2008,
     author  = {Radu, E. and Volkov, M. S.},
     title   = {Existence of stationary, non-radiating ring solitons in field theory: knots and vortons},
     journal = {Physics Reports},
     volume  = {468},
     pages   = {101--151},
     year    = {2008}
 }

@article{PDG2024,
    author       = {S. Navas and others},
    collaboration= {Particle Data Group},
    title        = {Review of Particle Physics},
    journal      = {Phys. Rev. D},
    volume       = {110},
    number       = {3},
    pages        = {030001},
    year         = {2024},
    doi          = {10.1103/PhysRevD.110.030001},
    note         = {and 2024 update for the 2025 edition}
}

@book{Volovik2009,
    author       = {G. E. Volovik},
    title        = {The Universe in a Helium Droplet},
    publisher    = {Oxford University Press},
    address      = {Oxford},
    year         = {2009},
    isbn         = {978-0-19-956484-2},
    note         = {Paperback reprint of the 2003 hardback edition}
}

@article{Lubensky2002,
    author       = {T. C. Lubensky and R. Mukhopadhyay and L. Radzihovsky and X. Xing},
    title        = {Symmetries and elasticity of nematic gels},
    journal      = {Phys. Rev. E},
    volume       = {66},
    pages        = {011702},
    year         = {2002},
    doi          = {10.1103/PhysRevE.66.011702},
    eprint       = {cond-mat/0108215},
    archivePrefix= {arXiv}
}

@article{Ho1998,
    author       = {Tin-Lun Ho},
    title        = {Spinor Bose Condensates in Optical Traps},
    journal      = {Phys. Rev. Lett.},
    volume       = {81},
    pages        = {742--745},
    year         = {1998},
    doi          = {10.1103/PhysRevLett.81.742}
}

@article{JacobsonMattingly2004,
  author = {Jacobson, Ted and Mattingly, David},
  title = {Einstein-Æther waves},
  journal = {Phys. Rev. D},
  year = {2004},
  volume = {70},
  pages = {024003},
  doi = {10.1103/PhysRevD.70.024003}
}
@article{Jacobson2008,
  author = {Jacobson, Ted},
  title = {Einstein-Æther gravity: a status report},
  journal = {PoS(QG-PH) 020},
  year = {2007},
  eprint = {arXiv:0801.1547},
  url = {https://arxiv.org/abs/0801.1547}
}
@article{BlasPujolasSibiryakov2010,
  author = {Blas, D. and Pujol{\`a}s, O. and Sibiryakov, S.},
  title = {Models of non-relativistic quantum gravity: The good, the bad and the healthy},
  journal = {JHEP},
  year = {2011},
  volume = {2011},
  number = {04},
  pages = {018},
  doi = {10.1007/JHEP04(2011)018}
}
@article{SMEDataTables2025,
  author = {Kosteleck{\'y}, V. Alan and Russell, Neil},
  title = {Data Tables for Lorentz and CPT Violation},
  journal = {Rev. Mod. Phys. (data tables, updated annually)},
  year = {2025},
  url = {https://arxiv.org/abs/0801.0287}
}
@article{Abbott2017GW170817,
  author = {Abbott, B. P. et al. (LIGO/Virgo Collaboration)},
  title = {GW170817: Observation of Gravitational Waves from a Binary Neutron Star Inspiral},
  journal = {Phys. Rev. Lett.},
  year = {2017},
  volume = {119},
  pages = {161101},
  doi = {10.1103/PhysRevLett.119.161101}
}
@article{MooreNelson2001,
  author = {Moore, Gregory D. and Nelson, Andrew E.},
  title = {Lower bound on the propagation speed of gravity from gravitational Cherenkov radiation},
  journal = {JHEP},
  year = {2001},
  volume = {09},
  pages = {023},
  doi = {10.1088/1126-6708/2001/09/023}
}
@article{BarceloLiberatiVisser2011,
  author = {Barcel{\'o}, Carlos and Liberati, Stefano and Visser, Matt},
  title = {Analogue Gravity},
  journal = {Living Rev. Relativ.},
  year = {2011},
  volume = {14},
  pages = {3},
  doi = {10.12942/lrr-2011-3}
}
@book{Nakahara2003,
  author = {Nakahara, Mikio},
  title = {Geometry, Topology and Physics},
  year = {2003},
  publisher = {Taylor \& Francis},
  edition = {2nd}
}
@article{MerminHo1976,
  author = {Mermin, N. D. and Ho, Tin-Lun},
  title = {Circulation and angular momentum in superfluid $^3$He},
  journal = {Phys. Rev. Lett.},
  year = {1976},
  volume = {36},
  pages = {594--597},
  doi = {10.1103/PhysRevLett.36.594}
}
@article{Wen2002,
  author = {Wen, Xiao-Gang},
  title = {Quantum orders and symmetric spin liquids},
  journal = {Phys. Rev. B},
  year = {2002},
  volume = {65},
  pages = {165113},
  doi = {10.1103/PhysRevB.65.165113}
}
@book{Fradkin2013,
  author = {Fradkin, Eduardo},
  title = {Field Theories of Condensed Matter Physics},
  year = {2013},
  publisher = {Cambridge University Press},
  edition = {2nd}
}
@article{VakulenkoKapitanskii1979,
  author = {Vakulenko, A. F. and Kapitanskii, L. V.},
  title = {Stability of solitons in $S^2$ in the nonlinear $\sigma$-model},
  journal = {Soviet Physics Doklady},
  year = {1979},
  volume = {24},
  pages = {433--434}
}
@article{GladikowskiHellmund1997,
  author = {Gladikowski, J. and Hellmund, M.},
  title = {Static solitons with nontrivial Hopf number},
  journal = {Phys. Rev. D},
  year = {1997},
  volume = {56},
  pages = {5194--5199},
  doi = {10.1103/PhysRevD.56.5194}
}
@book{Thurston1997,
  author = {Thurston, William P.},
  title = {Three-Dimensional Geometry and Topology, Vol. 1},
  publisher = {Princeton University Press},
  year = {1997}
}
@article{Sornette1998,
  author = {Sornette, Didier},
  title = {Discrete scale invariance and complex dimensions},
  journal = {Physics Reports},
  year = {1998},
  volume = {297},
  pages = {239--270},
  doi = {10.1016/S0370-1573(97)00076-8}
}
@article{LevinWen2005,
  author       = {Michael A. Levin and Xiao-Gang Wen},
  title        = {String-net condensation: A physical mechanism for topological phases},
  journal      = {Physical Review B},
  volume       = {71},
  number       = {4},
  pages        = {045110},
  year         = {2005},
  doi          = {10.1103/PhysRevB.71.045110}
}

@article{Wen2013_Anomalies,
  author       = {Xiao-Gang Wen},
  title        = {Classifying gauge anomalies through symmetry-protected trivial orders and classifying gravitational anomalies through topological orders},
  journal      = {Physical Review D},
  volume       = {88},
  number       = {4},
  pages        = {045013},
  year         = {2013},
  doi          = {10.1103/PhysRevD.88.045013}
}

@article{JacobsonMattingly2001,
  author       = {Ted Jacobson and David Mattingly},
  title        = {Gravity with a dynamical preferred frame},
  journal      = {Physical Review D},
  volume       = {64},
  number       = {2},
  pages        = {024028},
  year         = {2001},
  doi          = {10.1103/PhysRevD.64.024028}
}

@article{Baker2017_GW170817,
  author       = {T. Baker and E. Bellini and P. G. Ferreira and M. Lagos and J. Noller and I. Sawicki},
  title        = {Strong constraints on cosmological gravity from GW170817 and GRB 170817A},
  journal      = {Physical Review Letters},
  volume       = {119},
  number       = {25},
  pages        = {251301},
  year         = {2017},
  doi          = {10.1103/PhysRevLett.119.251301}
}

@article{Creminelli2017_GW170817,
  author       = {Paolo Creminelli and Filippo Vernizzi},
  title        = {Dark Energy after GW170817 and GRB170817A},
  journal      = {Physical Review Letters},
  volume       = {119},
  number       = {25},
  pages        = {251302},
  year         = {2017},
  doi          = {10.1103/PhysRevLett.119.251302}
}

@article{LeeYang1956,
  author       = {T. D. Lee and C. N. Yang},
  title        = {Question of Parity Conservation in Weak Interactions},
  journal      = {Physical Review},
  volume       = {104},
  number       = {1},
  pages        = {254--258},
  year         = {1956},
  doi          = {10.1103/PhysRev.104.254}
}

@article{Wu1957,
  author       = {C. S. Wu and E. Ambler and R. W. Hayward and D. D. Hoppes and R. P. Hudson},
  title        = {Experimental Test of Parity Conservation in Beta Decay},
  journal      = {Physical Review},
  volume       = {105},
  number       = {4},
  pages        = {1413--1415},
  year         = {1957},
  doi          = {10.1103/PhysRev.105.1413}
}

@article{Bell1964,
  author       = {J. S. Bell},
  title        = {On the Einstein Podolsky Rosen Paradox},
  journal      = {Physics Physique Fizika},
  volume       = {1},
  number       = {3},
  pages        = {195--200},
  year         = {1964},
  doi          = {10.1103/PhysicsPhysiqueFizika.1.195}
}

@article{Aspect1982,
  author       = {Alain Aspect and Philippe Grangier and Gérard Roger},
  title        = {Experimental Realization of Einstein-Podolsky-Rosen-Bohm Gedankenexperiment: A New Violation of Bell's Inequalities},
  journal      = {Physical Review Letters},
  volume       = {49},
  number       = {2},
  pages        = {91--94},
  year         = {1982},
  doi          = {10.1103/PhysRevLett.49.91}
}

@article{Hensen2015,
  author       = {B. Hensen and H. Bernien and A. E. Dréau and A. Reiserer and N. Kalb and M. S. Blok and J. Ruitenberg and R. F. L. Vermeulen and R. N. Schouten and C. Abellán and W. Amaya and V. Pruneri and M. W. Mitchell and M. Markham and D. J. Twitchen and D. Elkouss and S. Wehner and T. H. Taminiau and R. Hanson},
  title        = {Loophole-free Bell inequality violation using electron spins separated by 1.3 kilometres},
  journal      = {Nature},
  volume       = {526},
  pages        = {682--686},
  year         = {2015},
  doi          = {10.1038/nature15759}
}

@article{Giustina2015,
  author       = {Marissa Giustina and Marijn A. M. Versteegh and Sören Wengerowsky and Johannes Handsteiner and Armin Hochrainer and Kevin Phelan and Fabian Steinlechner and Johannes Kofler and Jan-Åke Larsson and Carlos Abellán and Waldimar Amaya and Valerio Pruneri and Morgan W. Mitchell and Jörn Beyer and Thomas Gerrits and Adriana E. Lita and Lynden K. Shalm and Sae Woo Nam and Thomas Scheidl and Rupert Ursin and Bernhard Wittmann and Anton Zeilinger},
  title        = {Significant-Loophole-Free Test of Bell’s Theorem with Entangled Photons},
  journal      = {Physical Review Letters},
  volume       = {115},
  number       = {25},
  pages        = {250401},
  year         = {2015},
  doi          = {10.1103/PhysRevLett.115.250401}
}

@article{ColladayKostelecky1998,
  author       = {Don Colladay and V. Alan Kosteleck{\'y}},
  title        = {Lorentz-violating extension of the standard model},
  journal      = {Physical Review D},
  volume       = {58},
  number       = {11},
  pages        = {116002},
  year         = {1998},
  doi          = {10.1103/PhysRevD.58.116002}
}
