
@misc{FremlinKnots,
  author = {Fremlin, David},
  title = {Knots and their symmetries},
  year = {2020},
  howpublished = {\url{https://david.fremlin.de/knots/index.htm}},
  note = {Accessed 2025-09-01}
}
@mastersthesis{Agle2012TorusInvertible,
  author = {Agle, K. E. L.},
  title = {Alexander and Conway polynomials of Torus knots},
  school = {University of Tennessee},
  year = {2012},
  url = {https://trace.tennessee.edu/cgi/viewcontent.cgi?article=2384&context=utk_gradthes}
}
@misc{WikipediaTorusKnot,
  title = {Torus knot},
  howpublished = {\url{https://en.wikipedia.org/wiki/Torus_knot}},
  year = {2025},
  note = {Accessed 2025-09-01}
}
@misc{MathWorldTorusKnot,
  author = {Weisstein, Eric W.},
  title = {Torus Knot},
  howpublished = {MathWorld--A Wolfram Web Resource},
  year = {2003},
  url = {https://mathworld.wolfram.com/TorusKnot.html},
  note = {Accessed 2025-09-01}
}
@article{Sakuma1986StronglyInvertible,
  author = {Sakuma, Makoto},
  title = {On strongly invertible knots},
  journal = {Osaka Journal of Mathematics},
  year = {1986},
  url = {https://www.math.sci.hiroshima-u.ac.jp/sakuma/papers/StronglyInvertibleKnots.pdf}
}
@article{BoyleRouseWilliams2023Sym,
  author = {Boyle, Keegan and Rouse, Nicholas and Williams, Ben},
  title = {A classification of symmetries of knots},
  journal = {arXiv preprint arXiv:2306.04812},
  year = {2023},
  url = {https://arxiv.org/abs/2306.04812}
}
@misc{KAtlas10124Sym,
  title = {Data:10\_124/Symmetry Type},
  howpublished = {\url{https://katlas.org/wiki/Data:10_124/Symmetry_Type}},
  year = {2005},
  note = {Reversible; Accessed 2025-09-01}
}
