@book{LandauLifshitzEDCM,
    author    = {L.~D. Landau and E.~M. Lifshitz},
    title     = {Electrodynamics of Continuous Media},
    edition   = {2},
    publisher = {Pergamon Press},
    year      = {1984}
}

@article{SimonGeim2000,
    author    = {M.~D. Simon and A.~K. Geim},
    title     = {Diamagnetic levitation: Flying frogs and floating magnets (invited)},
    journal   = {Journal of Applied Physics},
    volume    = {87},
    number    = {9},
    pages     = {6200--6204},
    year      = {2000},
    doi       = {10.1063/1.372654}
}

@book{Batchelor1967,
    author    = {G.~K. Batchelor},
    title     = {An Introduction to Fluid Dynamics},
    publisher = {Cambridge University Press},
    year      = {1967}
}

@article{Kelvin1869,
    author    = {Thomson, William},
    title     = {On Vortex Motion},
    journal   = {Transactions of the Royal Society of Edinburgh},
    volume    = {25},
    pages     = {217--260},
    year      = {1869},
    doi       = {10.1017/S0080456800028175},
    note      = {Known as Lord Kelvin}
}

@article{Aharonov1959,
    author    = {Y.~Aharonov and D.~Bohm},
    title     = {Significance of electromagnetic potentials in the quantum theory},
    journal   = {Physical Review},
    volume    = {115},
    number    = {3},
    pages     = {485--491},
    year      = {1959},
    doi       = {10.1103/PhysRev.115.485}
}

@book{Tinkham2004,
    author    = {M.~Tinkham},
    title     = {Introduction to Superconductivity},
    edition   = {2},
    publisher = {Dover Publications},
    year      = {2004}
}

@article{Onsager1949,
    author    = {L.~Onsager},
    title     = {Statistical hydrodynamics},
    journal   = {Il Nuovo Cimento (Supplemento)},
    volume    = {6},
    pages     = {279--287},
    year      = {1949},
    doi       = {10.1007/BF02780991}
}

@incollection{Feynman1955,
    author    = {R.~P. Feynman},
    title     = {Application of quantum mechanics to liquid helium},
    booktitle = {Progress in Low Temperature Physics},
    volume    = {1},
    editor    = {C.~J. Gorter},
    pages     = {17--53},
    publisher = {North-Holland},
    year      = {1955},
    doi       = {10.1016/S0079-6417(08)60077-3}
}
