@book{Batchelor1967,
    author = {G. K. Batchelor},
    year = {1967},
    title = {An Introduction to Fluid Dynamics},
    publisher = {Cambridge University Press},
    doi = {10.1017/CBO9780511800955}
}
@book{Saffman1992,
    author = {P. G. Saffman},
    year = {1992},
    title = {Vortex Dynamics},
    publisher = {Cambridge University Press},
    doi = {10.1017/CBO9780511624063}
}
@article{Helmholtz1858,
    author = {H. von Helmholtz},
    year = {1858},
    title = {Über Integrale der hydrodynamischen Gleichungen, welche den Wirbelbewegungen entsprechen},
    journal = {J. Reine Angew. Math.},
    volume = {55},
    pages = {25--55}
}
@article{Kelvin1869,
    author = {W. Thomson (Lord Kelvin)},
    year = {1869},
    title = {On vortex motion},
    journal = {Trans. R. Soc. Edinburgh},
    volume = {25},
    pages = {217--260}
}
@article{Einstein1905,
    author = {A. Einstein},
    year = {1905},
    title = {Ist die Trägheit eines Körpers von seinem Energieinhalt abhängig?},
    journal = {Annalen der Physik},
    volume = {18},
    pages = {639--641},
    doi = {10.1002/andp.19053231314}
}