@book{Batchelor1967,
    author = {G. K. Batchelor},
    year = {1967},
    title = {An Introduction to Fluid Dynamics},
    publisher = {Cambridge University Press},
    doi = {10.1017/CBO9780511800955}
}
@book{Saffman1992,
    author = {P. G. Saffman},
    year = {1992},
    title = {Vortex Dynamics},
    publisher = {Cambridge University Press},
    doi = {10.1017/CBO9780511624063}
}
@article{Helmholtz1858,
    author = {H. von Helmholtz},
    year = {1858},
    title = {Über Integrale der hydrodynamischen Gleichungen, welche den Wirbelbewegungen entsprechen},
    journal = {J. Reine Angew. Math.},
    volume = {55},
    pages = {25--55}
}
@article{Kelvin1869,
    author = {W. Thomson (Lord Kelvin)},
    year = {1869},
    title = {On vortex motion},
    journal = {Trans. R. Soc. Edinburgh},
    volume = {25},
    pages = {217--260}
}
@article{Einstein1905,
    author = {A. Einstein},
    year = {1905},
    title = {Ist die Trägheit eines Körpers von seinem Energieinhalt abhängig?},
    journal = {Annalen der Physik},
    volume = {18},
    pages = {639--641},
    doi = {10.1002/andp.19053231314}
}
@article{Will2014LRR,
    author={Will, Clifford M.},
    title={The Confrontation between General Relativity and Experiment},
    journal={Living Reviews in Relativity},
    year={2014},
    volume={17},
    number={4},
    doi={10.12942/lrr-2014-4},
    eprint={1403.7377},
    archivePrefix={arXiv}
}
@article{Unruh1981PRL,
    author={Unruh, W. G.},
    title={Experimental Black-Hole Evaporation?},
    journal={Phys. Rev. Lett.},
    year={1981},
    volume={46},
    pages={1351--1353},
    doi={10.1103/PhysRevLett.46.1351}
}
@article{Visser1998CQG,
    author={Visser, Matt},
    title={Acoustic black holes: horizons, ergospheres and Hawking radiation},
    journal={Classical and Quantum Gravity},
    year={1998},
    volume={15},
    pages={1767--1791},
    doi={10.1088/0264-9381/15/6/024}
}
@article{JacobsonMattingly2004EAetherWaves,
    author={Jacobson, Ted and Mattingly, David},
    title={Einstein–Aether Waves},
    journal={Phys. Rev. D},
    year={2004},
    volume={70},
    pages={024003},
    doi={10.1103/PhysRevD.70.024003},
    eprint={gr-qc/0402005},
    archivePrefix={arXiv}
}
@article{Baker2017PRL_GW170817_AltGravity,
    author={Baker, T. and others},
    title={Strong Constraints on Cosmological Gravity from GW170817 and GRB 170817A},
    journal={Phys. Rev. Lett.},
    year={2017},
    volume={119},
    number={25},
    pages={251301},
    doi={10.1103/PhysRevLett.119.251301}
}
@article{OostMukohyamaWang2018EAetherGW170817,
    author={Oost, Jacob and Mukohyama, Shinji and Wang, Anzhong},
    title={Constraints on Einstein-aether theory after GW170817},
    journal={arXiv},
    year={2018},
    eprint={1802.04303},
    archivePrefix={arXiv}
}
