@article{Iskandarani2025Canon,
    author       = {Omar Iskandarani},
    title        = {Swirl String Theory Canon v0.3.1: Core Definitions, Constants, and Laws},
    year         = {2025},
    publisher    = {Zenodo},
    doi          = {10.5281/zenodo.XXXXXXX},
    note         = {Zenodo preprint},
}

@article{Iskandarani2025Lagrangian,
    author       = {Omar Iskandarani},
    title        = {Swirl-String Theory: Lagrangian Effective Field Theory Formulation},
    year         = {2025},
    publisher    = {Zenodo},
    doi          = {10.5281/zenodo.XXXXXXX},
    note         = {Zenodo preprint},
}

@misc{Iskandarani2025Helicity,
    author       = {Omar Iskandarani},
    title        = {Helicity Analysis of Knotted Vortex States in Swirl String Theory},
    year         = {2025},
    howpublished = {\url{https://github.com/bg-omar/VAM}},
    note         = {Helicity raw results file: \texttt{helicity\_by\_base\_raw\_results.txt}},
}

@misc{Iskandarani2025Mass,
    author       = {Omar Iskandarani},
    title        = {Invariant Mass Calculations in Swirl String Theory},
    year         = {2025},
    howpublished = {\url{https://github.com/bg-omar/VAM}},
    note         = {Based on file: \texttt{SST\_Invariant\_Mass\_Results\_all\_modes.csv}},
}

@book{KnotAtlas,
    author       = {Rolfsen, Dale and Hoste, Jim and Thistlethwaite, Morwen and Weeks, Jeffrey},
    title        = {The Knot Atlas and Standard Knot Tables},
    year         = {2003},
    publisher    = {Knot Atlas Project},
    howpublished = {\url{http://katlas.org/}},
    note         = {Accessed 2025},
}
