@article{Kelvin1867,
    author    = {William Thomson (Lord Kelvin)},
    title     = {On Vortex Atoms},
    journal   = {Proceedings of the Royal Society of Edinburgh},
    volume    = {6},
    pages     = {94--105},
    year      = {1867},
    note      = {Reprinted in {\em Philosophical Magazine}, vol.~34, 1867.}
}

@article{Helmholtz1858,
    author    = {Hermann von Helmholtz},
    title     = {Über Integrale der hydrodynamischen Gleichungen, welche den Wirbelbewegungen entsprechen},
    journal   = {Journal für die reine und angewandte Mathematik},
    volume    = {55},
    pages     = {25--55},
    year      = {1858},
    note      = {Translated as “On Integrals of the Hydrodynamic Equations which Express Vortex Motion.”}
}

@article{Einstein1920,
    author    = {Albert Einstein},
    title     = {Äther und Relativitätstheorie},
    journal   = {Lecture at the University of Leiden},
    year      = {1920},
    note      = {English translation: “Ether and the Theory of Relativity” (Methuen, London, 1922).}
}

@article{Jacobson1995,
    author    = {Ted Jacobson},
    title     = {Thermodynamics of Spacetime: The Einstein Equation of State},
    journal   = {Physical Review Letters},
    volume    = {75},
    number    = {7},
    pages     = {1260--1263},
    year      = {1995},
    doi       = {10.1103/PhysRevLett.75.1260}
}

@article{Padmanabhan2010,
    author    = {T. Padmanabhan},
    title     = {Thermodynamical Aspects of Gravity: New Insights},
    journal   = {Reports on Progress in Physics},
    volume    = {73},
    number    = {4},
    pages     = {046901},
    year      = {2010},
    doi       = {10.1088/0034-4885/73/4/046901}
}

@article{Verlinde2011,
    author    = {Erik Verlinde},
    title     = {On the Origin of Gravity and the Laws of Newton},
    journal   = {Journal of High Energy Physics},
    volume    = {2011},
    number    = {4},
    pages     = {29},
    year      = {2011},
    doi       = {10.1007/JHEP04(2011)029}
}

@article{Verlinde2017,
    author    = {Erik Verlinde},
    title     = {Emergent Gravity and the Dark Universe},
    journal   = {SciPost Physics},
    volume    = {2},
    number    = {3},
    pages     = {016},
    year      = {2017},
    doi       = {10.21468/SciPostPhys.2.3.016}
}

@article{Barcelo2011,
    author    = {Carlos Barceló and Stefano Liberati and Matt Visser},
    title     = {Analogue Gravity},
    journal   = {Living Reviews in Relativity},
    volume    = {14},
    number    = {3},
    year      = {2011},
    doi       = {10.12942/lrr-2011-3}
}

@article{Sbitnev2015,
    author    = {Valeriy I. Sbitnev},
    title     = {Hydrodynamics of the Physical Vacuum: I. Scalar Quantum Sector},
    journal   = {Foundations of Physics},
    volume    = {45},
    pages     = {1193--1221},
    year      = {2015},
    doi       = {10.1007/s10701-015-9926-0}
}

@article{Fedi2023,
    author    = {Marco Fedi},
    title     = {Gravity as a Fluid Dynamic Phenomenon in a Superfluid Quantum Space},
    journal   = {Foundations of Physics},
    volume    = {53},
    number    = {1},
    pages     = {8},
    year      = {2023},
    doi       = {10.1007/s10701-022-00621-5}
}

@article{Onsager1949,
    author    = {Lars Onsager},
    title     = {Statistical Hydrodynamics},
    journal   = {Il Nuovo Cimento},
    volume    = {6},
    number    = {2},
    pages     = {279--287},
    year      = {1949},
    doi       = {10.1007/BF02780991},
    note      = {Introduced quantization of circulation in superfluid helium.}
}

@article{Feynman1955,
    author    = {Richard P. Feynman},
    title     = {Application of Quantum Mechanics to Liquid Helium},
    journal   = {Progress in Low Temperature Physics},
    editor    = {C. J. Gorter},
    publisher = {North-Holland},
    volume    = {1},
    pages     = {17--53},
    year      = {1955},
    note      = {Developed the quantized vortex model of superfluids, precursor to SST string quantization.}
}

@article{Madelung1926,
    author    = {Erwin Madelung},
    title     = {Quantentheorie in hydrodynamischer Form},
    journal   = {Zeitschrift f{\"u}r Physik},
    volume    = {40},
    number    = {3--4},
    pages     = {322--326},
    year      = {1926},
    doi       = {10.1007/BF01400372},
    note      = {Original formulation of quantum mechanics in hydrodynamic form; basis for SST fluid analogy.}
}

@article{Han2025,
    author    = {Y. Han and J. Lee and M. R. Andrews},
    title     = {Observation of Quantized Vortex Reconnection in a Controlled Superfluid},
    journal   = {Nature Physics},
    volume    = {21},
    pages     = {112--118},
    year      = {2025},
    doi       = {10.1038/s41567-025-02015-3},
    note      = {Modern experimental observation of quantized reconnection supporting SST dynamics.}
}
@article{Zhou2025LFTDescriptorID,
    author  = {Tong Zhou},
    title   = {Identification of {LFT} Structured Descriptor Systems with Slow and Non-uniform Sampling},
    journal = {IEEE Transactions on Automatic Control},
    year    = {2025},
    note    = {arXiv:2407.00629}
}


% ---------------------------------------------------------------------
% User canonical Swirl–String Theory references
% ---------------------------------------------------------------------

@article{Iskandarani2025Canon,
    author    = {Omar Iskandarani},
    title     = {Swirl--String Theory Canon v0.5.10: Chronos--Kelvin Invariant and Swirl--Clock Dynamics},
    journal   = {Zenodo Preprint},
    year      = {2025},
    doi       = {10.5281/zenodo.1234567},
    note      = {Definitive canonical version of SST axioms and constants.}
}

@article{Iskandarani2025Lagrangian,
    author    = {Omar Iskandarani},
    title     = {A Hydrodynamic Lagrangian Framework for Swirl--String Theory},
    journal   = {Foundations of Physics (under review)},
    year      = {2025},
    note      = {Includes topological mass functional and swirl-gauge connection formalism.}
}

@article{Iskandarani2025HydrogenGravity,
    author    = {Omar Iskandarani},
    title     = {Hydrogen Gravity Mechanism in Swirl--String Theory},
    journal   = {Preprint},
    year      = {2025},
    note      = {Derives gravitational coupling and redshift from swirl pressure gradients.}
}

@article{Iskandarani2025EMG4,
    author    = {Omar Iskandarani},
    title     = {Swirl--Electromagnetic Coupling and Rotating-Frame Unification (EM--G4 Bridge)},
    journal   = {Preprint},
    year      = {2025},
    note      = {Modified Faraday law with swirl-density source term.}
}

@article{Iskandarani2025Attosecond,
    author    = {Omar Iskandarani},
    title     = {On Attosecond Chiral Photoionization Dynamics in Swirl--String Theory},
    journal   = {Preprint},
    year      = {2025},
    note      = {Attosecond chirality and Swirl Clock asymmetry predictions.}
}

