@article{Han2025,
  author  = {Han, M. and Ji, J.-B. and Blech, A. and Goetz, R. E. and Allison, C. and Greenman, L. and Koch, C. P. and W\"orner, H. J.},
  title   = {Attosecond control and measurement of chiral photoionization dynamics},
  journal = {Nature},
  year    = {2025},
  doi     = {10.1038/s41586-025-09455-4},
  note    = {online 27 Aug 2025}
}
@article{IskandaraniSSTCanon,
  author  = {Iskandarani, Omar},
  title   = {Swirl String Theory (SST) Canon v0.4.0},
  journal = {Zenodo},
  year    = {2025},
  doi     = {10.5281/zenodo.17052966},
  note    = {Foundational document for the SST framework}
}
@article{Krausz2009,
  author  = {Krausz, Ferenc and Ivanov, Misha},
  title   = {Attosecond physics},
  journal = {Rev. Mod. Phys.},
  volume  = {81},
  pages   = {163--234},
  year    = {2009},
  doi     = {10.1103/RevModPhys.81.163}
}
@article{Beaulieu2018,
  author  = {Beaulieu, S. and others},
  title   = {Attosecond-resolved photoionization of chiral molecules},
  journal = {Science},
  volume  = {358},
  pages   = {1288--1294},
  year    = {2018},
  doi     = {10.1126/science.aao5624}
}
@article{Demekhin2018,
    author = {Demekhin, Philipp V. and others},
    title = {Photoelectron circular dichroism in attosecond pump-probe experiments on chiral molecules},
    journal = {Phys. Rev. A},
    volume = {98},
    pages = {023421},
    year = {2018},
    doi = {10.1103/PhysRevA.98.023421}
}
@article{Pazourek2015,
  author  = {Pazourek, R. and Nagele, S. and Burgd\"orfer, J.},
  title   = {Attosecond chronoscopy of photoemission},
  journal = {Rev. Mod. Phys.},
  volume  = {87},
  pages   = {765--802},
  year    = {2015},
  doi     = {10.1103/RevModPhys.87.765}
}
@article{Dahlstrom2012,
  author  = {Dahlstr\"om, J. M. and L'Huillier, A. and Maquet, A.},
  title   = {Introduction to attosecond delays in photoionization},
  journal = {J. Phys. B},
  volume  = {45},
  pages   = {183001},
  year    = {2012},
  doi     = {10.1088/0953-4075/45/18/183001}
}
