@misc{Wulzer2019BehindSM,
    author        = {Andrea Wulzer},
    title         = {Behind the Standard Model},
    year          = {2019},
    eprint        = {1901.01017},
    archivePrefix = {arXiv},
    primaryClass  = {hep-ph}
}
@article{AgasheContinoPomarol2005MCHM,
    author  = {Kaustubh Agashe and Roberto Contino and Alex Pomarol},
    title   = {The Minimal Composite Higgs Model},
    journal = {Nucl. Phys. B},
    volume  = {719},
    pages   = {165--187},
    year    = {2005},
    doi     = {10.1016/j.nuclphysb.2005.04.035}
}
@article{King2014TetraModel,
    author  = {Stephen F. King},
    title   = {A model of quark and lepton mixing},
    journal = {arXiv:1311.3295 [hep-ph]},
    year    = {2014}
}
@article{PatiSalam1974,
    author  = {J. C. Pati and Abdus Salam},
    title   = {Lepton number as the fourth color},
    journal = {Phys. Rev. D},
    volume  = {10},
    pages   = {275--289},
    year    = {1974},
    doi     = {10.1103/PhysRevD.10.275}
}
@article{GeorgiJarlskog1979,
    author  = {H. Georgi and C. Jarlskog},
    title   = {A New Lepton-Quark Mass Relation in a Unified Theory},
    journal = {Phys. Lett. B},
    volume  = {86},
    pages   = {297--300},
    year    = {1979},
    doi     = {10.1016/0370-2693(79)90842-6}
}
@article{GrahamKaplanRajendran2015Relaxion,
    author  = {Peter W. Graham and David E. Kaplan and Surjeet Rajendran},
    title   = {Cosmological Relaxation of the Electroweak Scale},
    journal = {Phys. Rev. Lett.},
    volume  = {115},
    number  = {22},
    pages   = {221801},
    year    = {2015},
    doi     = {10.1103/PhysRevLett.115.221801}
}