@article{Einstein1905MassEnergy,
    author    = {Einstein, A.},
    title     = {Ist die Tr{\"a}gheit eines K{\"o}rpers von seinem Energieinhalt abh{\"a}ngig?},
    journal   = {Annalen der Physik},
    volume    = {323},
    number    = {13},
    pages     = {639--641},
    year      = {1905},
    doi       = {10.1002/andp.19053231314}
}

@book{LandauLifshitzVol2,
    author    = {Landau, L. D. and Lifshitz, E. M.},
    title     = {The Classical Theory of Fields},
    edition   = {4th},
    series    = {Course of Theoretical Physics, Vol. 2},
    publisher = {Pergamon},
    year      = {1975},
    isbn      = {978-0750627689}
}

@article{Taub1948,
    author    = {Taub, A. H.},
    title     = {Relativistic Hydrodynamics},
    journal   = {Physical Review},
    volume    = {74},
    number    = {3},
    pages     = {328--334},
    year      = {1948},
    doi       = {10.1103/PhysRev.74.328}
}

@book{RezzollaZanotti2013,
    author    = {Rezzolla, L. and Zanotti, O.},
    title     = {Relativistic Hydrodynamics},
    publisher = {Oxford University Press},
    year      = {2013},
    doi       = {10.1093/acprof:oso/9780198528906.001.0001}
}

@article{Bohr1913Hydrogen,
    author    = {Bohr, N.},
    title     = {On the Constitution of Atoms and Molecules, Part I},
    journal   = {Philosophical Magazine},
    volume    = {26},
    number    = {151},
    pages     = {1--25},
    year      = {1913},
    doi       = {10.1080/14786441308634955}
}

@article{Dirac1928Electron,
    author    = {Dirac, P. A. M.},
    title     = {The Quantum Theory of the Electron},
    journal   = {Proceedings of the Royal Society of London. Series A},
    volume    = {117},
    number    = {778},
    pages     = {610--624},
    year      = {1928},
    doi       = {10.1098/rspa.1928.0023}
}

@book{BetheSalpeter1957,
    author    = {Bethe, H. A. and Salpeter, E. E.},
    title     = {Quantum Mechanics of One- and Two-Electron Atoms},
    publisher = {Springer},
    year      = {1957},
    doi       = {10.1007/978-3-662-12869-5}
}
