@article{Moffatt1969,
    author  = {H. Keith Moffatt},
    title   = {The degree of knottedness of tangled vortex lines},
    journal = {Journal of Fluid Mechanics},
    year    = {1969},
    volume  = {35},
    number  = {1},
    pages   = {117--129},
    doi     = {10.1017/S0022112069000991}
}

@article{BergerField1984,
    author  = {Mitchell A. Berger and George B. Field},
    title   = {The topological properties of magnetic helicity},
    journal = {Journal of Fluid Mechanics},
    year    = {1984},
    volume  = {147},
    pages   = {133--148},
    doi     = {10.1017/S0022112084002019}
}

@misc{CandelaresiSlides,
    author       = {Simon Candelaresi},
    title        = {Magnetic Vector Potentials and Helicity in Periodic Domains},
    howpublished = {Slide presentation},
    year         = {2015},
    note         = {Discusses gauge invariance conditions and existence/nonexistence of $\mathbf{A}$ in 1-, 2-, and 3-periodic domains; Volterra construction for non-periodic, star-shaped regions. Slideshare link accessed 2025-09-06},
    url          = {https://www.slideshare.net/slideshow/trondheim15/48219635}
}

@article{XiaoPriorYeates2025,
    author  = {Daining Xiao and Christopher B. Prior and Anthony R. Yeates},
    title   = {Winding and magnetic helicity in periodic domains},
    journal = {Proceedings of the Royal Society A: Mathematical, Physical and Engineering Sciences},
    year    = {2025},
    volume  = {481},
    number  = {2307},
    pages   = {20240152},
    doi     = {10.1098/rspa.2024.0152},
    url     = {https://royalsocietypublishing.org/doi/10.1098/rspa.2024.0152}
}
