@article{Helmholtz1858,
    author  = {H. von Helmholtz},
    title   = {\"Uber Integrale der hydrodynamischen Gleichungen, welche den Wirbelbewegungen entsprechen},
    journal = {Journal f{\"u}r die reine und angewandte Mathematik},
    year    = {1858},
    volume  = {55},
    pages   = {25--55}
}
@misc{Goldau2025_STC,
    author       = {Pieter Goldau},
    title        = {The Simplicity Codex},
    year         = {2025},
    doi          = {10.5281/zenodo.17068210},
    note         = {Sixteen-stage parameter-free ontology, cited as STC}
}
@article{Buchert2000,
    author = {Buchert, Thomas},
    title = {On average properties of inhomogeneous fluids in general relativity: Dust cosmologies},
    journal = {Gen. Relativ. Gravit.},
    year = {2000},
    volume = {32},
    pages = {105--125},
    doi = {10.1023/A:1001800617177}
}
@article{Buchert2001,
    author = {Buchert, Thomas},
    title = {On average properties of inhomogeneous cosmologies},
    journal = {Gen. Relativ. Gravit.},
    year = {2001},
    volume = {33},
    pages = {1381--1405},
    doi = {10.1023/A:1012061725841}
}


@article{Englert1996,
    author = {Englert, B.-G.},
    year = {1996},
    title = {Fringe Visibility and Which-Way Information: An Inequality},
    journal = {Phys. Rev. Lett.}, volume = {77}, pages = {2154--2157}, doi = {10.1103/PhysRevLett.77.2154}
}
@article{Zurek2003,
    author = {Zurek, W. H.},
    year = {2003},
    title = {Decoherence, einselection, and the quantum origins of the classical},
    journal = {Rev. Mod. Phys.}, volume = {75}, pages = {715--775}, doi = {10.1103/RevModPhys.75.715}
}
@article{Kelvin1869,
    author  = {W. Thomson (Lord Kelvin)},
    title   = {On vortex motion},
    journal = {Transactions of the Royal Society of Edinburgh},
    year    = {1869},
    volume  = {25},
    pages   = {217--260}
}

@book{Saffman1992,
    author    = {Philip G. Saffman},
    title     = {Vortex Dynamics},
    publisher = {Cambridge University Press},
    year      = {1992},
    doi       = {10.1017/CBO9780511624063}
}

@incollection{Feynman1955,
    author    = {R. P. Feynman},
    title     = {Application of Quantum Mechanics to Liquid Helium},
    booktitle = {Progress in Low Temperature Physics},
    editor    = {C. J. Gorter},
    volume    = {1},
    pages     = {17--53},
    publisher = {North-Holland},
    year      = {1955}
}

@book{Donnelly1991,
    author    = {Russell J. Donnelly},
    title     = {Quantized Vortices in Helium II},
    publisher = {Cambridge University Press},
    year      = {1991}
}

@book{LandauLifshitzFM,
    author    = {L. D. Landau and E. M. Lifshitz},
    title     = {Fluid Mechanics},
    series    = {Course of Theoretical Physics, Vol. 6},
    edition   = {2nd},
    publisher = {Pergamon},
    year      = {1987}
}

@book{Jackson1999,
    author    = {John David Jackson},
    title     = {Classical Electrodynamics},
    edition   = {3rd},
    publisher = {Wiley},
    year      = {1999}
}


@article{Kelvin1867,
    author  = {W. Thomson (Lord Kelvin)},
    title   = {On Vortex Atoms},
    journal = {Proc. Royal Society of Edinburgh},
    year    = {1867}
}

@article{Moffatt1969,
    author  = {H. K. Moffatt},
    title   = {The degree of knottedness of tangled vortex lines},
    journal = {Journal of Fluid Mechanics},
    year    = {1969}
}

@article{Schrodinger1926,
    author  = {E. Schr{\"o}dinger},
    title   = {An Undulatory Theory of the Mechanics of Atoms and Molecules},
    journal = {Physical Review},
    year    = {1926}
}

% --- Added topological invariants & micromagnetics ---
@article{Calugareanu1959,
    author = {G. C\u{a}lug\u{a}reanu},
    title  = {L'int\'egral de Gauss et l'analyse des noeuds tridimensionnels},
    journal= {Rev. Math. Pures Appl.},
    volume = {4},
    year   = {1959}
}

@article{White1969,
    author = {J. H. White},
    title  = {Self-linking and the Gauss integral in higher dimensions},
    journal= {American Journal of Mathematics},
    volume = {91},
    year   = {1969}
}

@article{Fuller1971,
    author = {F. B. Fuller},
    title  = {The writhing number of a space curve},
    journal= {Proc. Natl. Acad. Sci. USA},
    volume = {68},
    pages  = {815--819},
    year   = {1971}
}

@article{MoffattRicca1992,
    author = {H. K. Moffatt and R. L. Ricca},
    title  = {Helicity and the C\u{a}lug\u{a}reanu invariant},
    journal= {Proc. R. Soc. Lond. A},
    volume = {439},
    pages  = {411--429},
    year   = {1992}
}

@article{Hopf1931,
    author = {H. Hopf},
    title  = {\"Uber die Abbildungen der dreidimensionalen Sph\"are auf die Kugelfl\"ache},
    journal= {Mathematische Annalen},
    volume = {104},
    pages  = {637--665},
    year   = {1931}
}

@article{Whitehead1947,
    author = {J. H. C. Whitehead},
    title  = {An expression of Hopf's invariant as an integral},
    journal= {Proc. Natl. Acad. Sci. USA},
    volume = {33},
    pages  = {117--123},
    year   = {1947}
}

@article{Dzyaloshinskii1958,
    author = {I. E. Dzyaloshinskii},
    title  = {A thermodynamic theory of ``weak'' ferromagnetism of antiferromagnetics},
    journal= {J. Phys. Chem. Solids},
    volume = {4},
    pages  = {241--255},
    year   = {1958}
}

@article{Moriya1960,
    author = {T. Moriya},
    title  = {Anisotropic superexchange interaction and weak ferromagnetism},
    journal= {Phys. Rev.},
    volume = {120},
    pages  = {91--98},
    year   = {1960}
}

@book{Aharoni1996,
    author = {A. Aharoni},
    title  = {Introduction to the Theory of Ferromagnetism},
    publisher = {Oxford University Press},
    year   = {1996}
}

@book{Batchelor1967,
    author    = {G. K. Batchelor},
    title     = {An Introduction to Fluid Dynamics},
    publisher = {Cambridge University Press},
    year      = {1967}
}


@book{Batchelor1967Fluid,
    author    = {G. K. Batchelor},
    title     = {An Introduction to Fluid Dynamics},
    publisher = {Cambridge University Press},
    year      = {1967}
}


@book{LandauLifshitz1987,
    author    = {L. D. Landau and E. M. Lifshitz},
    title     = {Fluid Mechanics},
    series    = {Course of Theoretical Physics, Vol. 6},
    edition   = {2nd},
    publisher = {Pergamon},
    year      = {1987}
}

@article{Unruh1981,
    author  = {W. G. Unruh},
    title   = {Experimental black-hole evaporation?},
    journal = {Physical Review Letters},
    year    = {1981},
    volume  = {46},
    pages   = {1351--1353},
    doi     = {10.1103/PhysRevLett.46.1351}
}

@article{Visser1998,
    author  = {M. Visser},
    title   = {Acoustic black holes: horizons, ergospheres and Hawking radiation},
    journal = {Classical and Quantum Gravity},
    year    = {1998},
    volume  = {15},
    number  = {6},
    pages   = {1767--1791},
    doi     = {10.1088/0264-9381/15/6/024}
}

@article{Painleve1921,
    author  = {P. Painlev{\'e}},
    title   = {La m{\'e}canique classique et la th{\'e}orie de la relativit{\'e}},
    journal = {Comptes Rendus de l'Acad{\'e}mie des Sciences},
    year    = {1921},
    volume  = {173},
    pages   = {677--680}
}

@article{Gullstrand1922,
    author  = {A. Gullstrand},
    title   = {Allgemeine L{\"o}sung des statischen Eink{\"o}rperproblems in der Einsteinschen Gravitationstheorie},
    journal = {Arkiv f{\"o}r Matematik, Astronomi och Fysik},
    year    = {1922},
    volume  = {16},
    pages   = {1--15}
}

@book{Rolfsen1976Knots,
    author    = {Dale Rolfsen},
    title     = {Knots and Links},
    publisher = {Publish or Perish},
    year      = {1976}
}

@book{Lickorish1997Knots,
    author    = {W. B. R. Lickorish},
    title     = {An Introduction to Knot Theory},
    series    = {Graduate Texts in Mathematics},
    volume    = {175},
    publisher = {Springer},
    year      = {1997}
}

@book{Murasugi1996KnotTheory,
    author    = {Kunio Murasugi},
    title     = {Knot Theory and Its Applications},
    publisher = {Birkh{\"a}user},
    year      = {1996}
}

@article{CantarellaKusnerSullivan2002Ropelength,
    author  = {Jason Cantarella and Robert B. Kusner and John M. Sullivan},
    title   = {On the Minimum Ropelength of Knots and Links},
    journal = {Inventiones mathematicae},
    year    = {2002},
    volume  = {150},
    number  = {2},
    pages   = {257--286},
    doi     = {10.1007/s002220100178}
}

@incollection{Rawdon2003Approximating,
    author    = {Eric J. Rawdon},
    title     = {Approximating the Thickness of a Knot},
    booktitle = {Ideal Knots},
    editor    = {A. Stasiak and V. Katrich and L. Kauffman},
    publisher = {World Scientific},
    year      = {1998},
    pages     = {143--150}
}

@article{Kerr1963,
    author  = {Roy P. Kerr},
    title   = {Gravitational Field of a Spinning Mass as an Example of Algebraically Special Metrics},
    journal = {Physical Review Letters},
    year    = {1963},
    volume  = {11},
    pages   = {237--238},
    doi     = {10.1103/PhysRevLett.11.237}
}


@article{Ertel1942,
    author  = {Ertel, Hans},
    year    = {1942},
    title   = {Ein neuer hydrodynamischer Erhaltungssatz},
    journal = {Meteorologische Zeitschrift},
    volume  = {59},
    pages   = {271--281}
}

@article{Calugareanu1961,
    author  = {G. C\u{a}lug\u{a}reanu},
    title   = {Sur les classes d'isotopie des noeuds tridimensionnels et leurs invariants},
    journal = {Czechoslovak Mathematical Journal},
    year    = {1961}
}
@article{Wien1894,
    author  = {W. Wien},
    title   = {Ueber die Energieverteilung im Emissionsspectrum eines schwarzen K{\"o}rpers},
    journal = {Annalen der Physik},
    year    = {1894}
}
@article{Planck1901,
    author  = {M. Planck},
    title   = {On the Law of Distribution of Energy in the Normal Spectrum},
    journal = {Annalen der Physik},
    year    = {1901}
}

@misc{Morin2007RelKin,
    author    = {David J. Morin},
    title     = {Chapter 11: Relativity (Kinematics)},
    year      = {2007},
    note      = {Draft chapter from \emph{Introduction to Classical Mechanics}},
    howpublished = {\url{https://bpb-us-e1.wpmucdn.com/sites.harvard.edu/dist/0/550/files/2023/11/cmchap11.pdf}}
}

@article{Einstein1905,
    author  = {Einstein, A.},
    title   = {Zur Elektrodynamik bewegter K{\"o}rper},
    journal = {Annalen der Physik},
    volume  = {322},
    number  = {10},
    pages   = {891--921},
    year    = {1905},
    doi     = {10.1002/andp.19053221004}
}

@article{MichelsonMorley1887,
    author  = {Michelson, A. A. and Morley, E. W.},
    title   = {On the Relative Motion of the Earth and the Luminiferous Ether},
    journal = {American Journal of Science},
    volume  = {34},
    pages   = {333--345},
    year    = {1887},
    doi     = {10.2475/ajs.s3-34.203.333}
}

@article{FinkelsteinRubinstein1968,
  author  = {Finkelstein, David and Rubinstein, Jerrold},
  title   = {Connection between Spin, Statistics, and Kinks},
  journal = {Journal of Mathematical Physics},
  year    = {1968},
  volume  = {9},
  number  = {11},
  pages   = {1762--1779},
  doi     = {10.1063/1.1664538}
}

@book{HarocheRaimond2006,
  author    = {Haroche, Serge and Raimond, Jean-Michel},
  title     = {Exploring the Quantum: Atoms, Cavities, and Photons},
  publisher = {Oxford University Press},
  year      = {2006},
  isbn      = {978-0198509141}
}

@book{ScullyZubairy1997,
  author    = {Scully, Marlan O. and Zubairy, M. Suhail},
  title     = {Quantum Optics},
  publisher = {Cambridge University Press},
  year      = {1997},
  isbn      = {978-0521435956}
}

@misc{NISTCODATA2018,
    author = {NIST},
    title  = {CODATA Recommended Values of the Fundamental Constants (2018 update)},
    howpublished = {\url{https://physics.nist.gov/cuu/Constants/}},
    year   = {2019}
}

@book{Tinkham1996,
    author={Tinkham, Michael},
    title={Introduction to Superconductivity},
    edition={2},
    year={1996}, publisher={McGraw–Hill}
}
@book{ClarkeBraginski2004,
    author={Clarke, John and Braginski, Alex I.},
    title={The SQUID Handbook},
    year={2004}, publisher={Wiley-VCH}
}
@article{BrittenhamHermiller2025,
    author  = {Mark Brittenham and Susan Hermiller},
    title   = {Unknotting number is not additive under connected sum},
    journal = {arXiv e-prints},
    year    = {2025},
    month   = jun,
    eid     = {arXiv:2506.24088},
    eprint  = {2506.24088},
    doi     = {10.48550/arXiv.2506.24088},
    url     = {https://arxiv.org/abs/2506.24088}
}

@book{Lickorish1997,
    author    = {W. B. R. Lickorish},
    title     = {An Introduction to Knot Theory},
    series    = {Graduate Texts in Mathematics},
    volume    = {175},
    publisher = {Springer},
    year      = {1997},
    doi       = {10.1007/978-1-4612-0691-0}
}

@article{Murasugi1965,
    author  = {Kunio Murasugi},
    title   = {On a certain numerical invariant of link types},
    journal = {Transactions of the American Mathematical Society},
    year    = {1965},
    volume  = {117},
    pages   = {387--422},
    doi     = {10.2307/1994180}
}

@article{KronheimerMrowka1993,
    author  = {Peter B. Kronheimer and Tomasz S. Mrowka},
    title   = {Gauge theory for embedded surfaces. I},
    journal = {Topology},
    year    = {1993},
    volume  = {32},
    number  = {4},
    pages   = {773--826},
    doi     = {10.1016/0040-9383(93)90045-U}
}

@article{Rasmussen2004,
    author  = {Jacob Rasmussen},
    title   = {Khovanov homology and the slice genus},
    journal = {Inventiones mathematicae},
    year    = {2004},
    volume  = {182},
    number  = {2},
    pages   = {419--447},
    doi     = {10.1007/s00222-010-0300-0}
}

@incollection{Kirby1997,
    author    = {Robion C. Kirby},
    title     = {Problems in low-dimensional topology},
    booktitle = {Geometric Topology (Athens, GA, 1993)},
    series    = {AMS/IP Stud. Adv. Math.},
    volume    = {2},
    publisher = {Amer. Math. Soc.},
    year      = {1997},
    pages     = {35--473}
}

@article{YangMills1954,
    author = {Yang, C. N. and Mills, R. L.},
    year = {1954},
    title = {Conservation of Isotopic Spin and Isotopic Gauge Invariance},
    journal = {Physical Review},
    volume = {96},
    pages = {191--195},
    doi = {10.1103/PhysRev.96.191}
}
@article{Glashow1961,
    author = {Glashow, Sheldon L.},
    year = {1961},
    title = {Partial-Symmetries of Weak Interactions},
    journal = {Nuclear Physics},
    volume = {22},
    pages = {579--588},
    doi = {10.1016/0029-5582(61)90469-2}
}
@article{Weinberg1967,
    author = {Weinberg, Steven},
    year = {1967},
    title = {A Model of Leptons},
    journal = {Physical Review Letters},
    volume = {19},
    pages = {1264--1266},
    doi = {10.1103/PhysRevLett.19.1264}
}
@inproceedings{Salam1968,
    author = {Salam, Abdus},
    year = {1968},
    title = {Weak and Electromagnetic Interactions},
    booktitle = {Elementary Particle Theory: Relativistic Groups and Analyticity},
    editor = {Svartholm, N.},
    pages = {367--377},
    address = {Stockholm},
    publisher = {Almqvist and Wiksell}
}

@article{Cho1980,
    author={Cho, Y. M.},
    title={Restricted gauge theory},
    journal={Phys. Rev. D},
    year={1980}
}
@article{FaddeevNiemi1999,
    author={Faddeev, L. and Niemi, A. J.},
    title={Partial duality in SU(2) Yang–Mills theory},
    journal={Phys. Lett. B},
    year={1999}
}
@book{Zee2010,
    author={Zee, A.},
    title={Quantum Field Theory in a Nutshell},
    edition={2},
    year={2010}, publisher={Princeton}
}

@article{Witten1982,
    author={Witten, E.},
    title={An SU(2) anomaly},
    journal={Phys. Lett. B},
    year={1982}
}
@book{WeinbergQFT2,
    author={Weinberg, S.},
    title={The Quantum Theory of Fields, Vol. II},
    year={1996}, publisher={Cambridge}
}
@book{PeskinSchroeder,
    author={Peskin, M. E. and Schroeder, D. V.},
    title={An Introduction to Quantum Field Theory},
    year={1995}, publisher={Westview}
}
@misc{PDG2024,
    author={Particle Data Group},
    title={Review of Particle Physics},
    year={2024}
}


@article{EnglertBrout1964,
    author = {Englert, F. and Brout, R.},
    title = {Broken Symmetry and the Mass of Gauge Vector Mesons},
    journal = {Phys. Rev. Lett.},
    year = {1964},
    volume = {13},
    pages = {321--323},
    doi = {10.1103/PhysRevLett.13.321}
}

@article{Higgs1964,
    author = {Higgs, P. W.},
    title = {Broken Symmetries and the Masses of Gauge Bosons},
    journal = {Phys. Rev. Lett.},
    year = {1964},
    volume = {13},
    pages = {508--509},
    doi = {10.1103/PhysRevLett.13.508}
}

@book{Volovik2003,
    author = {Volovik, G. E.},
    title = {The Universe in a Helium Droplet},
    publisher = {Oxford University Press},
    year = {2003}
}

@book{Fradkin2013,
    author = {Fradkin, Eduardo},
    title = {Field Theories of Condensed Matter Physics},
    edition = {2},
    publisher = {Cambridge University Press},
    year = {2013}
}

@book{Wen2004,
    author = {Wen, Xiao-Gang},
    title = {Quantum Field Theory of Many-Body Systems},
    publisher = {Oxford University Press},
    year = {2004}
}

@book{Greenspan1968,
  author = {H. P. Greenspan},
  title  = {The Theory of Rotating Fluids},
  year   = {1968},
  publisher = {Cambridge University Press}
}

@book{Vallis2017,
  author = {Geoffrey K. Vallis},
  title  = {Atmospheric and Oceanic Fluid Dynamics},
  edition= {2},
  year   = {2017},
  publisher = {Cambridge University Press},
  doi    = {10.1017/9781107588417}
}
@book{PeskinSchroeder1995,
  author    = {Michael E. Peskin and Daniel V. Schroeder},
  title     = {An Introduction to Quantum Field Theory},
  year      = {1995},
  publisher = {Westview Press},
  address   = {Boulder, CO},
  isbn      = {978-0201503975},
  note      = {Standard graduate-level QFT textbook}
}

@book{LandauFluids,
  author    = {L. D. Landau and E. M. Lifshitz},
  title     = {Fluid Mechanics},
  series    = {Course of Theoretical Physics, Vol. 6},
  publisher = {Pergamon},
  year      = {1987}
}
@book{Lighthill78,
  author    = {M. J. Lighthill},
  title     = {Waves in Fluids},
  publisher = {Cambridge University Press},
  year      = {1978}
}
@book{Brillouin1960,
  author    = {L. Brillouin},
  title     = {Wave Propagation and Group Velocity},
  publisher = {Academic Press},
  year      = {1960}
}

@article{Abbott2017PRL,
  author  = {B. P. Abbott et al. (LIGO Scientific Collaboration and Virgo Collaboration)},
  title   = {GW170817: Observation of Gravitational Waves from a Binary Neutron Star Inspiral},
  journal = {Physical Review Letters},
  volume  = {119},
  pages   = {161101},
  year    = {2017},
  doi     = {10.1103/PhysRevLett.119.161101}
}
@article{Abbott2017ApJL,
  author  = {B. P. Abbott et al.},
  title   = {Gravitational Waves and Gamma-Rays from a Binary Neutron Star Merger},
  journal = {The Astrophysical Journal Letters},
  volume  = {848},
  pages   = {L13},
  year    = {2017},
  doi     = {10.3847/2041-8213/aa920c}
}

@article{KhatiwadaQian2025,
  author = {Khatiwada, P. and Qian, X.-F.},
  title = {Wave-particle duality ellipse and application in quantum imaging with undetected photons},
  journal = {Phys. Rev. Research},
  year = {2025},
  volume = {7},
  pages = {033033},
  doi = {10.1103/PhysRevResearch.7.033033}
}

@misc{Iskandarani2025Canon034, 
    author = {Iskandarani, Omar},
    title = {Swirl-String Theory (SST) Canon v0.3.4: Core Postulates, Constants, and Boxed Master Equations},
    year = {2025},
    month = {August},
    publisher = {Zenodo},
    doi = {10.5281/zenodo.17014358},
    url = {https://doi.org/10.5281/zenodo.17014358},
    note = {Single source of truth for SST symbols, constants, and canonical equations; required citation for dependent works.},
    keywords = {Swirl-String Theory, vorticity, Kelvin theorem, helicity, emergent gravity, knot theory, preferred foliation, Euler equations, dimensional analysis}
}

@misc{Iskandarani2025_Lagrangian,
 author  = {Iskandarani, Omar},
 title  = {Swirl-String Theory (SST) Lagrangian: Emergent Relativistic EFT with Preferred Foliation},
 year   = {2025},
 month  = {August},
 publisher = {Zenodo},
 doi   = {10.5281/zenodo.16956665},
 url   = {https://doi.org/10.5281/zenodo.16956665},
 note   = {Covariant EFT on preferred foliation with fields \(u^\mu, h_{\mu\nu}, B_{\mu\nu}, H_{\mu\nu\rho}, W_\mu, W_{\mu\nu}, \Psi_K\); minimal Lagrangian with \(W\widetilde W\) and solitonic mass law \(m_K^{(\mathrm{sol})}=M_0\Xi_K\).}
}
@misc{Iskandarani2025Hydrogen,
 author  = {Iskandarani, Omar},
 title  = {Long-Distance Swirl Gravity from Chiral Swirling Knots with Central Holes},
 year   = {2025},
 month  = {September},
 publisher = {Zenodo},
 doi   = {10.5281/zenodo.17155855},
 url   = {https://doi.org/10.5281/zenodo.17155855},
}

@article{BrennerHL2002,
    author    = {M. P. Brenner and S. Hilgenfeldt and D. Lohse},
    title     = {Single-bubble sonoluminescence},
    journal   = {Reviews of Modern Physics},
    volume    = {74},
    pages     = {425--484},
    year      = {2002},
    doi       = {10.1103/RevModPhys.74.425}
}

@article{FlanniganSuslick2006,
    author    = {D. J. Flannigan and K. S. Suslick},
    title     = {Measurement of pressure and density inside a single sonoluminescing bubble},
    journal   = {Physical Review Letters},
    volume    = {96},
    pages     = {204301},
    year      = {2006},
    doi       = {10.1103/PhysRevLett.96.204301}
}
@article{Peierls1929,
    author    = {R. Peierls},
    title     = {Zur Theorie der spezifischen Wärme},
    journal   = {Annalen der Physik},
    volume    = {395},
    pages     = {1055},
    year      = {1929}
}

@article{AllenFeldman1993,
    author    = {P. B. Allen and J. L. Feldman},
    title     = {Thermal conductivity of disordered harmonic solids},
    journal   = {Physical Review B},
    volume    = {48},
    pages     = {12581},
    year      = {1993}
}

@article{Simoncelli2019Unified,
    author    = {M. Simoncelli and N. Marzari and F. Mauri},
    title     = {Unified theory of thermal transport in crystals and disordered solids},
    journal   = {Nature Physics},
    volume    = {18},
    pages     = {1180},
    year      = {2022},
    note      = {arXiv:1901.01964}
}

@article{Hardy1963,
    author    = {R. J. Hardy},
    title     = {Energy-Flux Operator for a Lattice},
    journal   = {Physical Review},
    volume    = {132},
    pages     = {168},
    year      = {1963}
}

