% BibTeX for \cite{index0}..\cite{index151}
% Includes file source and short annote comment for footnotes.

@misc{index0,
  title        = {Chronos--Kelvin invariant and Swirl Quantization (foundational)},
  author       = {Iskandarani, Omar},
  year         = {2025},
  howpublished = {From Swirl\_String\_Theory\_CANON-v0.3.4.pdf},
  annote       = {Abstract cross-citation to the foundational invariants mentioned at the start of v0.5.6}
}

@misc{index1,
  title        = {SST Canon Index 1},
  author       = {Iskandarani, Omar},
  year         = {2025},
  howpublished = {From Swirl_String_Theory_CANON-v0.3.4.pdf},
  annote       = {Axiomatic swirl medium (absolute time, incompressible, inviscid).}
}

@misc{index2,
  title        = {SST Canon Index 2},
  author       = {Iskandarani, Omar},
  year         = {2025},
  howpublished = {From Swirl_String_Theory_CANON-v0.3.4.pdf},
  annote       = {Circulation quantization statement Γ = nκ (first formalization).}
}

@misc{index3,
  title        = {SST Canon Index 3},
  author       = {Iskandarani, Omar},
  year         = {2025},
  howpublished = {From Swirl_String_Theory_CANON-v0.3.4.pdf},
  annote       = {Definition of κ and link to effective mass scale.}
}

@misc{index4,
  title        = {SST Canon Index 4},
  author       = {Iskandarani, Omar},
  year         = {2025},
  howpublished = {From Swirl_String_Theory_CANON-v0.3.4.pdf},
  annote       = {Knot-class partition of configuration space (topological sectors).}
}

@misc{index5,
  title        = {SST Canon Index 5},
  author       = {Iskandarani, Omar},
  year         = {2025},
  howpublished = {From Swirl_String_Theory_CANON-v0.3.4.pdf},
  annote       = {Kelvin theorem invocation (material loop invariance).}
}

@misc{index6,
  title        = {SST Canon Index 6},
  author       = {Iskandarani, Omar},
  year         = {2025},
  howpublished = {From Swirl_String_Theory_CANON-v0.3.4.pdf},
  annote       = {Chronos–Kelvin invariant (R^2 ω constant-of-motion).}
}

@misc{index7,
  title        = {SST Canon Index 7},
  author       = {Iskandarani, Omar},
  year         = {2025},
  howpublished = {From Swirl_String_Theory_CANON-v0.3.4.pdf},
  annote       = {Solid-body core approximation at r = r_c.}
}

@misc{index8,
  title        = {SST Canon Index 8},
  author       = {Iskandarani, Omar},
  year         = {2025},
  howpublished = {From Swirl_String_Theory_CANON-v0.3.4.pdf},
  annote       = {Swirl-clock factor S_t ≡ sqrt(1−v^2/c^2) definition.}
}

@misc{index9,
  title        = {SST Canon Index 9},
  author       = {Iskandarani, Omar},
  year         = {2025},
  howpublished = {From Swirl_String_Theory_CANON-v0.3.4.pdf},
  annote       = {Relation v_t = ω r_c at the core.}
}

@misc{index10,
  title        = {SST Canon Index 10},
  author       = {Iskandarani, Omar},
  year         = {2025},
  howpublished = {From Swirl_String_Theory_CANON-v0.3.4.pdf},
  annote       = {Dimensional check for R^2 ω and corrected invariant.}
}

@misc{index11,
  title        = {SST Canon Index 11},
  author       = {Iskandarani, Omar},
  year         = {2025},
  howpublished = {From Swirl_String_Theory_CANON-v0.3.4.pdf},
  annote       = {Helicity H = ∫ v·ω dV and transport.}
}

@misc{index12,
  title        = {SST Canon Index 12},
  author       = {Iskandarani, Omar},
  year         = {2025},
  howpublished = {From Swirl_String_Theory_CANON-v0.3.4.pdf},
  annote       = {Vorticity transport equation and frozen-in condition.}
}

@misc{index13,
  title        = {SST Canon Index 13},
  author       = {Iskandarani, Omar},
  year         = {2025},
  howpublished = {From Swirl_String_Theory_CANON-v0.3.4.pdf},
  annote       = {Distinction: axioms vs definitions vs theorems.}
}

@misc{index14,
  title        = {SST Canon Index 14},
  author       = {Iskandarani, Omar},
  year         = {2025},
  howpublished = {From Swirl_String_Theory_CANON-v0.3.4.pdf},
  annote       = {Early swirl Hamiltonian density sketch.}
}

@misc{index15,
  title        = {SST Canon Index 15},
  author       = {Iskandarani, Omar},
  year         = {2025},
  howpublished = {From Swirl_String_Theory_CANON-v0.3.4.pdf},
  annote       = {Euler radial balance: dp/dr = ρ_f v_θ^2 / r.}
}

@misc{index16,
  title        = {SST Canon Index 16},
  author       = {Iskandarani, Omar},
  year         = {2025},
  howpublished = {From Swirl_String_Theory_CANON-v0.3.4.pdf},
  annote       = {Logarithmic pressure profile for flat rotation curves.}
}

@misc{index17,
  title        = {SST Canon Index 17},
  author       = {Iskandarani, Omar},
  year         = {2025},
  howpublished = {From Swirl_String_Theory_CANON-v0.3.4.pdf},
  annote       = {Soft-core potential motivation (finite center).}
}

@misc{index18,
  title        = {SST Canon Index 18},
  author       = {Iskandarani, Omar},
  year         = {2025},
  howpublished = {From Swirl_String_Theory_CANON-v0.3.4.pdf},
  annote       = {Hydrogenic calibration pathway (Bohr limit).}
}

@misc{index19,
  title        = {SST Canon Index 19},
  author       = {Iskandarani, Omar},
  year         = {2025},
  howpublished = {From Swirl_String_Theory_CANON-v0.3.4.pdf},
  annote       = {Energy density ρ_E and mass-equivalent ρ_m definitions.}
}

@misc{index20,
  title        = {SST Canon Index 20},
  author       = {Iskandarani, Omar},
  year         = {2025},
  howpublished = {From Swirl_String_Theory_CANON-v0.3.4.pdf},
  annote       = {Effective fluid density ρ_f role and scale.}
}

@misc{index21,
  title        = {SST Canon Index 21},
  author       = {Iskandarani, Omar},
  year         = {2025},
  howpublished = {From Swirl_String_Theory_CANON-v0.3.4.pdf},
  annote       = {Time dilation as emergent from swirl speed.}
}

@misc{index22,
  title        = {SST Canon Index 22},
  author       = {Iskandarani, Omar},
  year         = {2025},
  howpublished = {From Swirl_String_Theory_CANON-v0.3.4.pdf},
  annote       = {Co-rotating frame pseudo-metric idea.}
}

@misc{index23,
  title        = {SST Canon Index 23},
  author       = {Iskandarani, Omar},
  year         = {2025},
  howpublished = {From Swirl_String_Theory_CANON-v0.3.4.pdf},
  annote       = {Unknotted loops as bosonic R-phase excitations.}
}

@misc{index24,
  title        = {SST Canon Index 24},
  author       = {Iskandarani, Omar},
  year         = {2025},
  howpublished = {From Swirl_String_Theory_CANON-v0.3.4.pdf},
  annote       = {Knotted loops as T-phase (particle) states.}
}

@misc{index25,
  title        = {SST Canon Index 25},
  author       = {Iskandarani, Omar},
  year         = {2025},
  howpublished = {From Swirl_String_Theory_CANON-v0.3.4.pdf},
  annote       = {Particle–knot dictionary (first outline).}
}

@misc{index26,
  title        = {SST Canon Index 26},
  author       = {Iskandarani, Omar},
  year         = {2025},
  howpublished = {From Swirl_String_Theory_CANON-v0.3.4.pdf},
  annote       = {Matter/antimatter via chirality sign.}
}

@misc{index27,
  title        = {SST Canon Index 27},
  author       = {Iskandarani, Omar},
  year         = {2025},
  howpublished = {From Swirl_String_Theory_CANON-v0.3.4.pdf},
  annote       = {Dimensional canonicality checks (procedure).}
}

@misc{index28,
  title        = {SST Canon Index 28},
  author       = {Iskandarani, Omar},
  year         = {2025},
  howpublished = {From Swirl_String_Theory_CANON-v0.3.4.pdf},
  annote       = {Recovery limits: Newtonian/EM analogs.}
}

@misc{index29,
  title        = {SST Canon Index 29},
  author       = {Iskandarani, Omar},
  year         = {2025},
  howpublished = {From Swirl_String_Theory_CANON-v0.3.4.pdf},
  annote       = {Topological invariants: linking/writhe/twist.}
}

@misc{index30,
  title        = {SST Canon Index 30},
  author       = {Iskandarani, Omar},
  year         = {2025},
  howpublished = {From Swirl_String_Theory_CANON-v0.3.4.pdf},
  annote       = {Conservation conditions absent reconnection.}
}

@misc{index31,
  title        = {SST Canon Index 31},
  author       = {Iskandarani, Omar},
  year         = {2025},
  howpublished = {From Swirl_String_Theory_CANON-v0.3.4.pdf},
  annote       = {Core speed scale v_∘ calibration logic.}
}

@misc{index32,
  title        = {SST Canon Index 32},
  author       = {Iskandarani, Omar},
  year         = {2025},
  howpublished = {From Swirl_String_Theory_CANON-v0.3.4.pdf},
  annote       = {Core radius r_c calibration logic.}
}

@misc{index33,
  title        = {SST Canon Index 33},
  author       = {Iskandarani, Omar},
  year         = {2025},
  howpublished = {From Swirl_String_Theory_CANON-v0.3.4.pdf},
  annote       = {Heuristic mapping to EM permittivity/permeability.}
}

@misc{index34,
  title        = {SST Canon Index 34},
  author       = {Iskandarani, Omar},
  year         = {2025},
  howpublished = {From Swirl_String_Theory_CANON-v0.3.4.pdf},
  annote       = {Notation standards and symbol table (early).}
}

@misc{index35,
  title        = {SST Canon Index 35},
  author       = {Iskandarani, Omar},
  year         = {2025},
  howpublished = {From Swirl_String_Theory_CANON-v0.3.4.pdf},
  annote       = {Swirl quantization vs operator quantization.}
}

@misc{index36,
  title        = {SST Canon Index 36},
  author       = {Iskandarani, Omar},
  year         = {2025},
  howpublished = {From Swirl_String_Theory_CANON-v0.3.4.pdf},
  annote       = {Role of topological sectors in discreteness.}
}

@misc{index37,
  title        = {SST Canon Index 37},
  author       = {Iskandarani, Omar},
  year         = {2025},
  howpublished = {From Swirl_String_Theory_CANON-v0.3.4.pdf},
  annote       = {Pedagogical treatment of swirl clocks.}
}

@misc{index38,
  title        = {SST Canon Index 38},
  author       = {Iskandarani, Omar},
  year         = {2025},
  howpublished = {From Swirl_String_Theory_CANON-v0.3.4.pdf},
  annote       = {Summary of foundational postulates (v0.3.4).}
}

@misc{index39,
  title        = {SST Canon Index 39},
  author       = {Iskandarani, Omar},
  year         = {2025},
  howpublished = {From SST_CANON-v0.4.3.pdf},
  annote       = {Canonical constants list (standardized).}
}

@misc{index40,
  title        = {SST Canon Index 40},
  author       = {Iskandarani, Omar},
  year         = {2025},
  howpublished = {From SST_CANON-v0.4.3.pdf},
  annote       = {Swirl Coulomb constant Λ definition (canonical).}
}

@misc{index41,
  title        = {SST Canon Index 41},
  author       = {Iskandarani, Omar},
  year         = {2025},
  howpublished = {From SST_CANON-v0.4.3.pdf},
  annote       = {Bohr-limit validation for the swirl potential.}
}

@misc{index42,
  title        = {SST Canon Index 42},
  author       = {Iskandarani, Omar},
  year         = {2025},
  howpublished = {From SST_CANON-v0.4.3.pdf},
  annote       = {Full boxed Euler radial-balance derivation.}
}

@misc{index43,
  title        = {SST Canon Index 43},
  author       = {Iskandarani, Omar},
  year         = {2025},
  howpublished = {From SST_CANON-v0.4.3.pdf},
  annote       = {Swirl metric and time-dilation unpacked.}
}

@misc{index44,
  title        = {SST Canon Index 44},
  author       = {Iskandarani, Omar},
  year         = {2025},
  howpublished = {From SST_CANON-v0.4.3.pdf},
  annote       = {Pedagogical “canonicality tests” checklist.}
}

@misc{index45,
  title        = {SST Canon Index 45},
  author       = {Iskandarani, Omar},
  year         = {2025},
  howpublished = {From SST_CANON-v0.4.3.pdf},
  annote       = {Faraday-law source term b_swirl formalism.}
}

@misc{index46,
  title        = {SST Canon Index 46},
  author       = {Iskandarani, Omar},
  year         = {2025},
  howpublished = {From SST_CANON-v0.4.3.pdf},
  annote       = {Energy-based derivation of EM emergence.}
}

@misc{index47,
  title        = {SST Canon Index 47},
  author       = {Iskandarani, Omar},
  year         = {2025},
  howpublished = {From SST_CANON-v0.4.3.pdf},
  annote       = {Photon as delocalized swirl wave (boxed).}
}

@misc{index48,
  title        = {SST Canon Index 48},
  author       = {Iskandarani, Omar},
  year         = {2025},
  howpublished = {From SST_CANON-v0.4.3.pdf},
  annote       = {Coulomb-gauge identification a, E, B.}
}

@misc{index49,
  title        = {SST Canon Index 49},
  author       = {Iskandarani, Omar},
  year         = {2025},
  howpublished = {From SST_CANON-v0.4.3.pdf},
  annote       = {Hamiltonian density: kinetic + vorticity terms.}
}

@misc{index50,
  title        = {SST Canon Index 50},
  author       = {Iskandarani, Omar},
  year         = {2025},
  howpublished = {From SST_CANON-v0.4.3.pdf},
  annote       = {Incompressibility via Lagrange multiplier λ.}
}

@misc{index51,
  title        = {SST Canon Index 51},
  author       = {Iskandarani, Omar},
  year         = {2025},
  howpublished = {From SST_CANON-v0.4.3.pdf},
  annote       = {Helicity and conservation statements (boxed).}
}

@misc{index52,
  title        = {SST Canon Index 52},
  author       = {Iskandarani, Omar},
  year         = {2025},
  howpublished = {From SST_CANON-v0.4.3.pdf},
  annote       = {Dimensional analysis exemplars for all master eqs.}
}

@misc{index53,
  title        = {SST Canon Index 53},
  author       = {Iskandarani, Omar},
  year         = {2025},
  howpublished = {From SST_CANON-v0.4.3.pdf},
  annote       = {Recovery to Maxwell in vacuum (mapping).}
}

@misc{index54,
  title        = {SST Canon Index 54},
  author       = {Iskandarani, Omar},
  year         = {2025},
  howpublished = {From SST_CANON-v0.4.3.pdf},
  annote       = {EM normalization via ρ_f ↔ ε_0, ρ_f c^2 ↔ 1/μ_0.}
}

@misc{index55,
  title        = {SST Canon Index 55},
  author       = {Iskandarani, Omar},
  year         = {2025},
  howpublished = {From SST_CANON-v0.4.3.pdf},
  annote       = {Soft-core −Λ/√(r^2+r_c^2) potential rationale.}
}

@misc{index56,
  title        = {SST Canon Index 56},
  author       = {Iskandarani, Omar},
  year         = {2025},
  howpublished = {From SST_CANON-v0.4.3.pdf},
  annote       = {Hydrogen spectrum and Rydberg scaling match.}
}

@misc{index57,
  title        = {SST Canon Index 57},
  author       = {Iskandarani, Omar},
  year         = {2025},
  howpublished = {From SST_CANON-v0.4.3.pdf},
  annote       = {Pressure field picture for attraction.}
}

@misc{index58,
  title        = {SST Canon Index 58},
  author       = {Iskandarani, Omar},
  year         = {2025},
  howpublished = {From SST_CANON-v0.4.3.pdf},
  annote       = {Canonical taxonomy (axiom/def/theorem/etc.).}
}

@misc{index59,
  title        = {SST Canon Index 59},
  author       = {Iskandarani, Omar},
  year         = {2025},
  howpublished = {From SST_CANON-v0.4.3.pdf},
  annote       = {Traceability rubric (dimensional/symmetry/limits).}
}

@misc{index60,
  title        = {SST Canon Index 60},
  author       = {Iskandarani, Omar},
  year         = {2025},
  howpublished = {From SST_CANON-v0.4.3.pdf},
  annote       = {Boxed proofs retained (pedagogical emphasis).}
}

@misc{index61,
  title        = {SST Canon Index 61},
  author       = {Iskandarani, Omar},
  year         = {2025},
  howpublished = {From SST_CANON-v0.4.3.pdf},
  annote       = {Sidebar explanations for metric analogy.}
}

@misc{index62,
  title        = {SST Canon Index 62},
  author       = {Iskandarani, Omar},
  year         = {2025},
  howpublished = {From SST_CANON-v0.4.3.pdf},
  annote       = {Swirl-clock visualization guidance.}
}

@misc{index63,
  title        = {SST Canon Index 63},
  author       = {Iskandarani, Omar},
  year         = {2025},
  howpublished = {From SST_CANON-v0.4.3.pdf},
  annote       = {Knot–particle mapping with examples.}
}

@misc{index64,
  title        = {SST Canon Index 64},
  author       = {Iskandarani, Omar},
  year         = {2025},
  howpublished = {From SST_CANON-v0.4.3.pdf},
  annote       = {EM–swirl coupling constants (notation).}
}

@misc{index65,
  title        = {SST Canon Index 65},
  author       = {Iskandarani, Omar},
  year         = {2025},
  howpublished = {From SST_CANON-v0.4.3.pdf},
  annote       = {Core parameter table (v_∘, r_c, ρ_f).}
}

@misc{index66,
  title        = {SST Canon Index 66},
  author       = {Iskandarani, Omar},
  year         = {2025},
  howpublished = {From SST_CANON-v0.4.3.pdf},
  annote       = {Bohr-radius recovery in SST variables.}
}

@misc{index67,
  title        = {SST Canon Index 67},
  author       = {Iskandarani, Omar},
  year         = {2025},
  howpublished = {From SST_CANON-v0.4.3.pdf},
  annote       = {Ground/excited hydrogenic energies in SST.}
}

@misc{index68,
  title        = {SST Canon Index 68},
  author       = {Iskandarani, Omar},
  year         = {2025},
  howpublished = {From SST_CANON-v0.4.3.pdf},
  annote       = {Core cutoff effects at small r.}
}

@misc{index69,
  title        = {SST Canon Index 69},
  author       = {Iskandarani, Omar},
  year         = {2025},
  howpublished = {From SST_CANON-v0.4.3.pdf},
  annote       = {Long-range 1/r behavior and asymptotics.}
}

@misc{index70,
  title        = {SST Canon Index 70},
  author       = {Iskandarani, Omar},
  year         = {2025},
  howpublished = {From SST_CANON-v0.4.3.pdf},
  annote       = {EM pulse from reconnection (qualitative).}
}

@misc{index71,
  title        = {SST Canon Index 71},
  author       = {Iskandarani, Omar},
  year         = {2025},
  howpublished = {From SST_CANON-v0.4.3.pdf},
  annote       = {Unification preview (director fields).}
}

@misc{index72,
  title        = {SST Canon Index 72},
  author       = {Iskandarani, Omar},
  year         = {2025},
  howpublished = {From SST_CANON-v0.4.3.pdf},
  annote       = {Gauge-like stiffness interpretation.}
}

@misc{index73,
  title        = {SST Canon Index 73},
  author       = {Iskandarani, Omar},
  year         = {2025},
  howpublished = {From SST_CANON-v0.4.3.pdf},
  annote       = {Pedagogical appendix index (how to use).}
}

@misc{index74,
  title        = {SST Canon Index 74},
  author       = {Iskandarani, Omar},
  year         = {2025},
  howpublished = {From SST_CANON-v0.4.3.pdf},
  annote       = {Calibration protocols vs axioms (separation).}
}

@misc{index75,
  title        = {SST Canon Index 75},
  author       = {Iskandarani, Omar},
  year         = {2025},
  howpublished = {From SST_CANON-v0.4.3.pdf},
  annote       = {Notation normalization (macro-level).}
}

@misc{index76,
  title        = {SST Canon Index 76},
  author       = {Iskandarani, Omar},
  year         = {2025},
  howpublished = {From SST_CANON-v0.4.3.pdf},
  annote       = {Boxed corollaries for wave equations.}
}

@misc{index77,
  title        = {SST Canon Index 77},
  author       = {Iskandarani, Omar},
  year         = {2025},
  howpublished = {From SST_CANON-v0.4.3.pdf},
  annote       = {Dimensional sanity checks for Λ units.}
}

@misc{index78,
  title        = {SST Canon Index 78},
  author       = {Iskandarani, Omar},
  year         = {2025},
  howpublished = {From SST_CANON-v0.4.3.pdf},
  annote       = {Summary: why v0.4.3 is best pedagogical.}
}

@misc{index79,
  title        = {SST Canon Index 79},
  author       = {Iskandarani, Omar},
  year         = {2025},
  howpublished = {From CANON-0.5.4.pdf},
  annote       = {Electroweak sector formalization (core).}
}

@misc{index80,
  title        = {SST Canon Index 80},
  author       = {Iskandarani, Omar},
  year         = {2025},
  howpublished = {From CANON-0.5.4.pdf},
  annote       = {Weak mixing angle θ_W derivation path.}
}

@misc{index81,
  title        = {SST Canon Index 81},
  author       = {Iskandarani, Omar},
  year         = {2025},
  howpublished = {From CANON-0.5.4.pdf},
  annote       = {Parameter-free Higgs scale estimate (≈ 259.5 GeV).}
}

@misc{index82,
  title        = {SST Canon Index 82},
  author       = {Iskandarani, Omar},
  year         = {2025},
  howpublished = {From CANON-0.5.4.pdf},
  annote       = {Separation: bosonic modes vs composite bound states.}
}

@misc{index83,
  title        = {SST Canon Index 83},
  author       = {Iskandarani, Omar},
  year         = {2025},
  howpublished = {From CANON-0.5.4.pdf},
  annote       = {Director-field stiffnesses → gauge couplings.}
}

@misc{index84,
  title        = {SST Canon Index 84},
  author       = {Iskandarani, Omar},
  year         = {2025},
  howpublished = {From CANON-0.5.4.pdf},
  annote       = {SU(3)×SU(2)×U(1) tracking in elastic energy.}
}

@misc{index85,
  title        = {SST Canon Index 85},
  author       = {Iskandarani, Omar},
  year         = {2025},
  howpublished = {From CANON-0.5.4.pdf},
  annote       = {Canonical constants and master equations standardized.}
}

@misc{index86,
  title        = {SST Canon Index 86},
  author       = {Iskandarani, Omar},
  year         = {2025},
  howpublished = {From CANON-0.5.4.pdf},
  annote       = {Swirl–EM transduction constant G⟲⟲⟲ clarified.}
}

@misc{index87,
  title        = {SST Canon Index 87},
  author       = {Iskandarani, Omar},
  year         = {2025},
  howpublished = {From CANON-0.5.4.pdf},
  annote       = {Appendix: stiffness-ratio dependence of sin^2 θ_W.}
}

@misc{index88,
  title        = {SST Canon Index 88},
  author       = {Iskandarani, Omar},
  year         = {2025},
  howpublished = {From CANON-0.5.4.pdf},
  annote       = {Electroweak symmetry breaking via bulk energy density.}
}

@misc{index89,
  title        = {SST Canon Index 89},
  author       = {Iskandarani, Omar},
  year         = {2025},
  howpublished = {From CANON-0.5.4.pdf},
  annote       = {Scale-setting with μ = ħ v_∘ / r_c.}
}

@misc{index90,
  title        = {SST Canon Index 90},
  author       = {Iskandarani, Omar},
  year         = {2025},
  howpublished = {From CANON-0.5.4.pdf},
  annote       = {Sensitivity of v_Φ to sector weights W_i.}
}

@misc{index91,
  title        = {SST Canon Index 91},
  author       = {Iskandarani, Omar},
  year         = {2025},
  howpublished = {From CANON-0.5.4.pdf},
  annote       = {Gauge-representation mapping from knot classes.}
}

@misc{index92,
  title        = {SST Canon Index 92},
  author       = {Iskandarani, Omar},
  year         = {2025},
  howpublished = {From CANON-0.5.4.pdf},
  annote       = {Hypercharge assignment via topological invariants.}
}

@misc{index93,
  title        = {SST Canon Index 93},
  author       = {Iskandarani, Omar},
  year         = {2025},
  howpublished = {From CANON-0.5.4.pdf},
  annote       = {Charge quantization checks (Q = T_3 + Y/2).}
}

@misc{index94,
  title        = {SST Canon Index 94},
  author       = {Iskandarani, Omar},
  year         = {2025},
  howpublished = {From CANON-0.5.4.pdf},
  annote       = {Anomaly-cancellation consistency (topological view).}
}

@misc{index95,
  title        = {SST Canon Index 95},
  author       = {Iskandarani, Omar},
  year         = {2025},
  howpublished = {From CANON-0.5.4.pdf},
  annote       = {Photon mode as unknotted director oscillation.}
}

@misc{index96,
  title        = {SST Canon Index 96},
  author       = {Iskandarani, Omar},
  year         = {2025},
  howpublished = {From CANON-0.5.4.pdf},
  annote       = {W/Z as mixed director modes post-EWSB.}
}

@misc{index97,
  title        = {SST Canon Index 97},
  author       = {Iskandarani, Omar},
  year         = {2025},
  howpublished = {From CANON-0.5.4.pdf},
  annote       = {Gluons from SU(3) director perturbations.}
}

@misc{index98,
  title        = {SST Canon Index 98},
  author       = {Iskandarani, Omar},
  year         = {2025},
  howpublished = {From CANON-0.5.4.pdf},
  annote       = {Massless vs massive gauge modes rationale.}
}

@misc{index99,
  title        = {SST Canon Index 99},
  author       = {Iskandarani, Omar},
  year         = {2025},
  howpublished = {From CANON-0.5.4.pdf},
  annote       = {Parameter tables for gauge sector.}
}

@misc{index100,
  title        = {SST Canon Index 100},
  author       = {Iskandarani, Omar},
  year         = {2025},
  howpublished = {From CANON-0.5.4.pdf},
  annote       = {Boxed EWSB theorem statement.}
}

@misc{index101,
  title        = {SST Canon Index 101},
  author       = {Iskandarani, Omar},
  year         = {2025},
  howpublished = {From CANON-0.5.4.pdf},
  annote       = {Boxed θ_W formula (tan^2 θ_W = κ_2/κ_1).}
}

@misc{index102,
  title        = {SST Canon Index 102},
  author       = {Iskandarani, Omar},
  year         = {2025},
  howpublished = {From CANON-0.5.4.pdf},
  annote       = {Relation to low-energy sin^2 θ_W ≈ 0.23.}
}

@misc{index103,
  title        = {SST Canon Index 103},
  author       = {Iskandarani, Omar},
  year         = {2025},
  howpublished = {From CANON-0.5.4.pdf},
  annote       = {Matching to PDG electroweak inputs (qualitative).}
}

@misc{index104,
  title        = {SST Canon Index 104},
  author       = {Iskandarani, Omar},
  year         = {2025},
  howpublished = {From CANON-0.5.4.pdf},
  annote       = {Discussion of uncertainties and higher-order terms.}
}

@misc{index105,
  title        = {SST Canon Index 105},
  author       = {Iskandarani, Omar},
  year         = {2025},
  howpublished = {From CANON-0.5.4.pdf},
  annote       = {Role of ρ_f normalization in EM sector.}
}

@misc{index106,
  title        = {SST Canon Index 106},
  author       = {Iskandarani, Omar},
  year         = {2025},
  howpublished = {From CANON-0.5.4.pdf},
  annote       = {Core softening r_c impact on contact terms.}
}

@misc{index107,
  title        = {SST Canon Index 107},
  author       = {Iskandarani, Omar},
  year         = {2025},
  howpublished = {From CANON-0.5.4.pdf},
  annote       = {Pedagogical notes on gauge emergence (boxed).}
}

@misc{index108,
  title        = {SST Canon Index 108},
  author       = {Iskandarani, Omar},
  year         = {2025},
  howpublished = {From CANON-0.5.4.pdf},
  annote       = {Traceability: SM parameters vs SST origins.}
}

@misc{index109,
  title        = {SST Canon Index 109},
  author       = {Iskandarani, Omar},
  year         = {2025},
  howpublished = {From CANON-0.5.4.pdf},
  annote       = {Constraints from precision electroweak data.}
}

@misc{index110,
  title        = {SST Canon Index 110},
  author       = {Iskandarani, Omar},
  year         = {2025},
  howpublished = {From CANON-0.5.4.pdf},
  annote       = {Consistency with photon mass bounds (m_γ = 0).}
}

@misc{index111,
  title        = {SST Canon Index 111},
  author       = {Iskandarani, Omar},
  year         = {2025},
  howpublished = {From CANON-0.5.4.pdf},
  annote       = {Non-Abelian structure constants as elastic couplings.}
}

@misc{index112,
  title        = {SST Canon Index 112},
  author       = {Iskandarani, Omar},
  year         = {2025},
  howpublished = {From CANON-0.5.4.pdf},
  annote       = {Director curvature → field strength mapping.}
}

@misc{index113,
  title        = {SST Canon Index 113},
  author       = {Iskandarani, Omar},
  year         = {2025},
  howpublished = {From CANON-0.5.4.pdf},
  annote       = {Higgs as density/phase mode of condensate.}
}

@misc{index114,
  title        = {SST Canon Index 114},
  author       = {Iskandarani, Omar},
  year         = {2025},
  howpublished = {From CANON-0.5.4.pdf},
  annote       = {Longitudinal gauge modes as medium excitations.}
}

@misc{index115,
  title        = {SST Canon Index 115},
  author       = {Iskandarani, Omar},
  year         = {2025},
  howpublished = {From CANON-0.5.4.pdf},
  annote       = {Summary tables: sector-by-sector emergence.}
}

@misc{index116,
  title        = {SST Canon Index 116},
  author       = {Iskandarani, Omar},
  year         = {2025},
  howpublished = {From CANON-0.5.4.pdf},
  annote       = {Appendix pointers for full derivations.}
}

@misc{index117,
  title        = {SST Canon Index 117},
  author       = {Iskandarani, Omar},
  year         = {2025},
  howpublished = {From CANON-0.5.4.pdf},
  annote       = {Notation for SU(3), SU(2), U(1) field strengths.}
}

@misc{index118,
  title        = {SST Canon Index 118},
  author       = {Iskandarani, Omar},
  year         = {2025},
  howpublished = {From CANON-0.5.4.pdf},
  annote       = {Summary: electroweak formalization gains (v0.5.4).}
}

@misc{index119,
  title        = {SST Canon Index 119},
  author       = {Iskandarani, Omar},
  year         = {2025},
  howpublished = {From CANON-0.5.5.1.pdf},
  annote       = {R→T collapse law canonized (dynamic).}
}

@misc{index120,
  title        = {SST Canon Index 120},
  author       = {Iskandarani, Omar},
  year         = {2025},
  howpublished = {From CANON-0.5.5.1.pdf},
  annote       = {Replacement of ad hoc collapse postulate.}
}

@misc{index121,
  title        = {SST Canon Index 121},
  author       = {Iskandarani, Omar},
  year         = {2025},
  howpublished = {From CANON-0.5.5.1.pdf},
  annote       = {S = (P, D, R) formal system finalized.}
}

@misc{index122,
  title        = {SST Canon Index 122},
  author       = {Iskandarani, Omar},
  year         = {2025},
  howpublished = {From CANON-0.5.5.1.pdf},
  annote       = {Ensures derivability of all prior versions.}
}

@misc{index123,
  title        = {SST Canon Index 123},
  author       = {Iskandarani, Omar},
  year         = {2025},
  howpublished = {From CANON-0.5.5.1.pdf},
  annote       = {Photon explicitly as delocalized swirl wave.}
}

@misc{index124,
  title        = {SST Canon Index 124},
  author       = {Iskandarani, Omar},
  year         = {2025},
  howpublished = {From CANON-0.5.5.1.pdf},
  annote       = {Swirl–EM emergence restated in canonical form.}
}

@misc{index125,
  title        = {SST Canon Index 125},
  author       = {Iskandarani, Omar},
  year         = {2025},
  howpublished = {From CANON-0.5.5.1.pdf},
  annote       = {Hydrogen–Gravity theorem boxed statement.}
}

@misc{index126,
  title        = {SST Canon Index 126},
  author       = {Iskandarani, Omar},
  year         = {2025},
  howpublished = {From CANON-0.5.5.1.pdf},
  annote       = {Molecular gravity via shared swirl axis.}
}

@misc{index127,
  title        = {SST Canon Index 127},
  author       = {Iskandarani, Omar},
  year         = {2025},
  howpublished = {From CANON-0.5.5.1.pdf},
  annote       = {Maximal force scales F_EM^max and F_G^max.}
}

@misc{index128,
  title        = {SST Canon Index 128},
  author       = {Iskandarani, Omar},
  year         = {2025},
  howpublished = {From CANON-0.5.5.1.pdf},
  annote       = {G_swirl ≈ G_N calibration formula.}
}

@misc{index129,
  title        = {SST Canon Index 129},
  author       = {Iskandarani, Omar},
  year         = {2025},
  howpublished = {From CANON-0.5.5.1.pdf},
  annote       = {Collapse rate kernel χ(r, ω) · u(r, ω).}
}

@misc{index130,
  title        = {SST Canon Index 130},
  author       = {Iskandarani, Omar},
  year         = {2025},
  howpublished = {From CANON-0.5.5.1.pdf},
  annote       = {Lorentzian line-shape L(ω; ω_0, γ) in rate.}
}

@misc{index131,
  title        = {SST Canon Index 131},
  author       = {Iskandarani, Omar},
  year         = {2025},
  howpublished = {From CANON-0.5.5.1.pdf},
  annote       = {Decoherence-consistent bounds (null tests).}
}

@misc{index132,
  title        = {SST Canon Index 132},
  author       = {Iskandarani, Omar},
  year         = {2025},
  howpublished = {From CANON-0.5.5.1.pdf},
  annote       = {Spin–statistics via Finkelstein–Rubinstein topology.}
}

@misc{index133,
  title        = {SST Canon Index 133},
  author       = {Iskandarani, Omar},
  year         = {2025},
  howpublished = {From CANON-0.5.5.1.pdf},
  annote       = {Unknotted ↔ boson; knotted ↔ fermion rule.}
}

@misc{index134,
  title        = {SST Canon Index 134},
  author       = {Iskandarani, Omar},
  year         = {2025},
  howpublished = {From CANON-0.5.5.1.pdf},
  annote       = {Governance: status taxonomy (canon/calibration/RT).}
}

@misc{index135,
  title        = {SST Canon Index 135},
  author       = {Iskandarani, Omar},
  year         = {2025},
  howpublished = {From CANON-0.5.5.1.pdf},
  annote       = {Canon compliance boxes per section.}
}

@misc{index136,
  title        = {SST Canon Index 136},
  author       = {Iskandarani, Omar},
  year         = {2025},
  howpublished = {From CANON-0.5.5.1.pdf},
  annote       = {Traceability table (statement → first/last ver.).}
}

@misc{index137,
  title        = {SST Canon Index 137},
  author       = {Iskandarani, Omar},
  year         = {2025},
  howpublished = {From CANON-0.5.5.1.pdf},
  annote       = {Notation index harmonized across canon.}
}

@misc{index138,
  title        = {SST Canon Index 138},
  author       = {Iskandarani, Omar},
  year         = {2025},
  howpublished = {From CANON-0.5.5.1.pdf},
  annote       = {Particle–knot glossary standardized.}
}

@misc{index139,
  title        = {SST Canon Index 139},
  author       = {Iskandarani, Omar},
  year         = {2025},
  howpublished = {From CANON-0.5.5.1.pdf},
  annote       = {Appendices organization for derivations.}
}

@misc{index140,
  title        = {SST Canon Index 140},
  author       = {Iskandarani, Omar},
  year         = {2025},
  howpublished = {From CANON-0.5.5.1.pdf},
  annote       = {EM source term form and normalization.}
}

@misc{index141,
  title        = {SST Canon Index 141},
  author       = {Iskandarani, Omar},
  year         = {2025},
  howpublished = {From CANON-0.5.5.1.pdf},
  annote       = {Core Hamiltonian (boxed canonical statement).}
}

@misc{index142,
  title        = {SST Canon Index 142},
  author       = {Iskandarani, Omar},
  year         = {2025},
  howpublished = {From CANON-0.5.5.1.pdf},
  annote       = {Pseudo-metric rephrased with cross term.}
}

@misc{index143,
  title        = {SST Canon Index 143},
  author       = {Iskandarani, Omar},
  year         = {2025},
  howpublished = {From CANON-0.5.5.1.pdf},
  annote       = {Hydrogenic potential as canonical master eq.}
}

@misc{index144,
  title        = {SST Canon Index 144},
  author       = {Iskandarani, Omar},
  year         = {2025},
  howpublished = {From CANON-0.5.5.1.pdf},
  annote       = {Topology–mass research-track formula.}
}

@misc{index145,
  title        = {SST Canon Index 145},
  author       = {Iskandarani, Omar},
  year         = {2025},
  howpublished = {From CANON-0.5.5.1.pdf},
  annote       = {Limits: classical, Coulombic, Newtonian checks.}
}

@misc{index146,
  title        = {SST Canon Index 146},
  author       = {Iskandarani, Omar},
  year         = {2025},
  howpublished = {From CANON-0.5.5.1.pdf},
  annote       = {Calibration protocols vs proofs (governance).}
}

@misc{index147,
  title        = {SST Canon Index 147},
  author       = {Iskandarani, Omar},
  year         = {2025},
  howpublished = {From CANON-0.5.5.1.pdf},
  annote       = {Reader pathways (beginner/expert/research).}
}

@misc{index148,
  title        = {SST Canon Index 148},
  author       = {Iskandarani, Omar},
  year         = {2025},
  howpublished = {From CANON-0.5.5.1.pdf},
  annote       = {Diagram placeholders retained (future).}
}

@misc{index149,
  title        = {SST Canon Index 149},
  author       = {Iskandarani, Omar},
  year         = {2025},
  howpublished = {From CANON-0.5.5.1.pdf},
  annote       = {Canon-layering strategy (core/appendix/pedagogy).}
}

@misc{index150,
  title        = {SST Canon Index 150},
  author       = {Iskandarani, Omar},
  year         = {2025},
  howpublished = {From CANON-0.5.5.1.pdf},
  annote       = {Consolidated constants table (final form).}
}

@misc{index151,
  title        = {SST Canon Index 151},
  author       = {Iskandarani, Omar},
  year         = {2025},
  howpublished = {From CANON-0.5.5.1.pdf},
  annote       = {Final summary: “all older versions derivable.”}
}
